{"Price_Sales": {"2025-06-30": 1.1028450583233016, "2025-03-31": 1.3185829874959785, "2024-12-31": 0.7087388949537754, "2024-09-30": 1.0931020527947806, "2024-06-30": 0.7129857902567239, "2024-03-31": 0.7638920779186728, "2023-12-31": 0.7278500679259092, "2023-09-30": 0.9308542681481823, "2023-06-30": 0.869440051561968, "2023-03-31": 1.214746902275781, "2022-12-31": 0.8813911264557217, "2022-09-30": 0.9473426619401418, "2022-06-30": 1.4181892260105822, "2022-03-31": 1.4700732789409954, "2021-12-31": 1.2880805008720606, "2021-09-30": 1.8957269245369908, "2021-06-30": 2.885237173145587, "2021-03-31": 3.1591095963686304, "2020-12-31": 2.818784873401653, "2020-09-30": 4.656279668331389, "2020-06-30": 3.6401097191808036, "2020-03-31": 4.33447150997883, "2019-12-31": 3.3489428967002044, "2019-09-30": 3.492040441157065, "2019-06-30": 3.688338277434291, "2019-03-31": 4.864688526410592, "2018-12-31": 2.9442124471910285, "2018-09-30": 4.82909963418595, "2018-06-30": 5.720085205705738, "2018-03-31": 7.3711498240525435, "2017-12-31": 5.157557114095836, "2017-09-30": 7.757427609625009, "2017-06-30": 6.925619645302861, "2017-03-31": 6.915914445294116, "2016-12-31": 4.026492108948762, "2016-09-30": 7.5007767752361305, "2016-06-30": 5.919178855396082, "2016-03-31": 7.8844457608005865, "2015-12-31": 5.7263781744611055, "2015-09-30": 6.350311260022858, "2015-06-30": 9.842169178901832, "2015-03-31": 11.83416473082229, "2014-12-31": 9.92831936383095, "2014-09-30": 12.21034408189385}, "Price": {"2025-06-30": 114.0800018311, "2025-03-31": 130.2288818359, "2024-12-31": 82.7316818237, "2024-09-30": 105.5460739136, "2024-06-30": 70.8032913208, "2024-03-31": 69.6437149048, "2023-12-31": 74.6003875732, "2023-09-30": 82.3765487671, "2023-06-30": 79.3470153809, "2023-03-31": 98.1794662476, "2022-12-31": 83.6586303711, "2022-09-30": 75.0828857422, "2022-06-30": 110.1931152344, "2022-03-31": 110.7154464722, "2021-12-31": 116.8029785156, "2021-09-30": 140.1559906006, "2021-06-30": 217.8980255127, "2021-03-31": 217.717590332, "2020-12-31": 226.3977966309, "2020-09-30": 262.9990234375, "2020-06-30": 204.203414917, "2020-03-31": 181.6481628418, "2019-12-31": 202.1995697021, "2019-09-30": 157.6303710938, "2019-06-30": 160.9258117676, "2019-03-31": 173.2718658447, "2018-12-31": 132.0930938721, "2018-09-30": 156.4717407227, "2018-06-30": 176.1969146729, "2018-03-31": 174.3070068359, "2017-12-31": 163.7558898926, "2017-09-30": 164.0218353271, "2017-06-30": 133.7265472412, "2017-03-31": 103.3742980957, "2016-12-31": 83.3927078247, "2016-09-30": 100.2403106689, "2016-06-30": 74.1142044067, "2016-03-31": 74.8929443359, "2015-12-31": 77.5710906982, "2015-09-30": 54.9113693237, "2015-06-30": 76.9917755127, "2015-03-31": 79.6794128418, "2014-12-31": 100.4302444458, "2014-09-30": 84.2854309082}, "Sales": {"2025-06-30": 247652000000, "2025-03-31": 236454000000, "2024-12-31": 280154000000, "2024-09-30": 236503000000, "2024-06-30": 243236000000, "2024-03-31": 221874000000, "2023-12-31": 260348000000, "2023-09-30": 224790000000, "2023-06-30": 234156000000, "2023-03-31": 208200000000, "2022-12-31": 247756000000, "2022-09-30": 207176000000, "2022-06-30": 205555000000, "2022-03-31": 204052000000, "2021-12-31": 242580000000, "2021-09-30": 200690000000, "2021-06-30": 205740000000, "2021-03-31": 187395000000, "2020-12-31": 221084000000, "2020-09-30": 155059000000, "2020-06-30": 153751000000, "2020-03-31": 114314000000, "2019-12-31": 161456000000, "2019-09-30": 119017000000, "2019-06-30": 114924000000, "2019-03-31": 93498000000, "2018-12-31": 117278000000, "2018-09-30": 85148000000, "2018-06-30": 80920000000, "2018-03-31": 61932000000, "2017-12-31": 83028000000, "2017-09-30": 55122000000, "2017-06-30": 50184000000, "2017-03-31": 38579000000, "2016-12-31": 53248000000, "2016-09-30": 34292000000, "2016-06-30": 32154000000, "2016-03-31": 24184000000, "2015-12-31": 34543000000, "2015-09-30": 22171000000, "2015-06-30": 20245000000, "2015-03-31": 17425000000, "2014-12-31": 26179000000, "2014-09-30": 16829000000}, "commonStockSharesOutstanding": {"2025-06-30": 2394125000.0, "2025-03-31": 2394125000.0, "2024-12-31": 2400000000.0, "2024-09-30": 2449375000.0, "2024-06-30": 2449375000.0, "2024-03-31": 2433640869.5, "2023-12-31": 2540125000.0, "2023-09-30": 2540125000.0, "2023-06-30": 2565750000.0, "2023-03-31": 2576000000.0, "2022-12-31": 2610250000.0, "2022-09-30": 2614000000.0, "2022-06-30": 2645500000.0, "2022-03-31": 2709390625.0, "2021-12-31": 2675125000.0, "2021-09-30": 2714500000.0, "2021-06-30": 2724250000.0, "2021-03-31": 2719125000.0, "2020-12-31": 2752625000.0, "2020-09-30": 2745250000.0, "2020-06-30": 2740750000.0, "2020-03-31": 2727750000.0, "2019-12-31": 2674125000.0, "2019-09-30": 2636625000.0, "2019-06-30": 2634000000.0, "2019-03-31": 2625000000.0, "2018-12-31": 2614000000.0, "2018-09-30": 2627875000.0, "2018-06-30": 2627000000.0, "2018-03-31": 2619000000.0, "2017-12-31": 2615000000.0, "2017-09-30": 2607000000.0, "2017-06-30": 2599000000.0, "2017-03-31": 2581000000.0, "2016-12-31": 2571000000.0, "2016-09-30": 2566000000.0, "2016-06-30": 2568000000.0, "2016-03-31": 2546000000.0, "2015-12-31": 2550000000.0, "2015-09-30": 2564000000.0, "2015-06-30": 2588000000.0, "2015-03-31": 2588000000.0, "2014-12-31": 2588000000.0, "2014-09-30": 2438000000.0}, "index": ["2025-06-30", "2025-03-31", "2024-12-31", "2024-09-30", "2024-06-30", "2024-03-31", "2023-12-31", "2023-09-30", "2023-06-30", "2023-03-31", "2022-12-31", "2022-09-30", "2022-06-30", "2022-03-31", "2021-12-31", "2021-09-30", "2021-06-30", "2021-03-31", "2020-12-31", "2020-09-30", "2020-06-30", "2020-03-31", "2019-12-31", "2019-09-30", "2019-06-30", "2019-03-31", "2018-12-31", "2018-09-30", "2018-06-30", "2018-03-31", "2017-12-31", "2017-09-30", "2017-06-30", "2017-03-31", "2016-12-31", "2016-09-30", "2016-06-30", "2016-03-31", "2015-12-31", "2015-09-30", "2015-06-30", "2015-03-31", "2014-12-31", "2014-09-30"]}