{"Sales": {"2025-09-30": 1004361000, "2025-06-30": 1033998000, "2025-03-31": 991565000, "2024-12-31": 1040915000, "2024-09-30": 961246000, "2024-06-30": 967512000, "2024-03-31": 960521000, "2023-12-31": 954412000, "2023-09-30": 903164000, "2023-06-30": 916950000, "2023-03-31": 963966000, "2022-12-31": 922921000, "2022-09-30": 877263000, "2022-06-30": 894450000, "2022-03-31": 860743000, "2021-12-31": 879841000, "2021-09-30": 843060000, "2021-06-30": 893602000, "2021-03-31": 753307000, "2020-12-31": 635868000, "2020-09-30": 652238000, "2020-06-30": 209859000, "2020-03-31": 680525000, "2019-12-31": 833131000, "2019-09-30": 819568000, "2019-06-30": 846132000, "2019-03-31": 827288000, "2018-12-31": 791623000, "2018-09-30": 612196000, "2018-06-30": 616793000, "2018-03-31": 606118000, "2017-12-31": 590832000, "2017-09-30": 591542000, "2017-06-30": 604124000, "2017-03-31": 610065000, "2016-12-31": 554823000, "2016-09-30": 531901000, "2016-06-30": 544874000, "2016-03-31": 552378000, "2015-12-31": 542674000, "2015-09-30": 546313000, "2015-06-30": 559867000, "2015-03-31": 550578000, "2014-12-31": 531593000, "2014-09-30": 738843000, "2014-06-30": 722534000, "2014-03-31": 708349000, "2013-12-31": 681537000, "2013-09-30": 738569000, "2013-06-30": 738748000, "2013-03-31": 735584000, "2012-12-31": 625842000, "2012-09-30": 612390000, "2012-06-30": 614070000, "2012-03-31": 633083000, "2011-12-31": 606674000, "2011-09-30": 590215000, "2011-06-30": 574403000, "2011-03-31": 564946000, "2010-12-31": 551940000, "2010-09-30": 595378000, "2010-06-30": 578446000, "2010-03-31": 415135000, "2009-12-31": 384948000, "2009-09-30": 398243000, "2009-06-30": 422950000, "2009-03-31": 434845000, "2008-12-31": 422630000, "2008-09-30": 426455000, "2008-06-30": 460764000, "2008-03-31": 471118000, "2007-12-31": 478643000, "2007-09-30": 490055000, "2007-06-30": 511391000, "2007-03-31": 517030000, "2006-12-31": 336740000, "2006-09-30": 593744000, "2006-06-30": 551490000, "2006-03-31": 589622000, "2005-12-31": 565366000, "2005-09-30": 582472000}, "index": ["2025-09-30", "2025-06-30", "2025-03-31", "2024-12-31", "2024-09-30", "2024-06-30", "2024-03-31", "2023-12-31", "2023-09-30", "2023-06-30", "2023-03-31", "2022-12-31", "2022-09-30", "2022-06-30", "2022-03-31", "2021-12-31", "2021-09-30", "2021-06-30", "2021-03-31", "2020-12-31", "2020-09-30", "2020-06-30", "2020-03-31", "2019-12-31", "2019-09-30", "2019-06-30", "2019-03-31", "2018-12-31", "2018-09-30", "2018-06-30", "2018-03-31", "2017-12-31", "2017-09-30", "2017-06-30", "2017-03-31", "2016-12-31", "2016-09-30", "2016-06-30", "2016-03-31", "2015-12-31", "2015-09-30", "2015-06-30", "2015-03-31", "2014-12-31", "2014-09-30", "2014-06-30", "2014-03-31", "2013-12-31", "2013-09-30", "2013-06-30", "2013-03-31", "2012-12-31", "2012-09-30", "2012-06-30", "2012-03-31", "2011-12-31", "2011-09-30", "2011-06-30", "2011-03-31", "2010-12-31", "2010-09-30", "2010-06-30", "2010-03-31", "2009-12-31", "2009-09-30", "2009-06-30", "2009-03-31", "2008-12-31", "2008-09-30", "2008-06-30", "2008-03-31", "2007-12-31", "2007-09-30", "2007-06-30", "2007-03-31", "2006-12-31", "2006-09-30", "2006-06-30", "2006-03-31", "2005-12-31", "2005-09-30"]}