{"Price_Sales": {"2025-06-30": 14.142417511472143, "2025-03-31": 12.219020172910662, "2024-12-31": 19.357972075971013, "2024-09-30": 19.27703631365926, "2024-06-30": 14.924837736772123, "2024-03-31": 19.739018493422673, "2023-12-31": 19.19442671506123, "2023-09-30": 18.85563571033226, "2023-06-30": 24.242486032495577, "2023-03-31": 31.85066499684489, "2022-12-31": 28.669218309685796, "2022-09-30": 26.54653550220888, "2022-06-30": 24.50282818109983, "2022-03-31": 44.5214762403103, "2021-12-31": 48.9429263002824, "2021-09-30": 55.28973071927843, "2021-06-30": 60.853354743706575, "2021-03-31": 48.27067000519653, "2020-12-31": 54.63111651682067, "2020-09-30": 55.39356406569723, "2020-06-30": 82.40341191343443, "2020-03-31": 46.296301738491266, "2019-12-31": 49.62389187853361, "2019-09-30": 47.82242968642382, "2019-06-30": 63.67572939197638, "2019-03-31": 53.229216266743265, "2018-12-31": 49.85691141834614, "2018-09-30": 62.370780917996015, "2018-06-30": 48.44466023272723, "2018-03-31": 43.525729752553964, "2017-12-31": 40.43156641001388, "2017-09-30": 40.16610606645714, "2017-06-30": 38.17909558805619, "2017-03-31": 41.40669771021071, "2016-12-31": 29.76625783019554, "2016-09-30": 41.86709226593911, "2016-06-30": 33.00524180324266, "2016-03-31": 39.64058580858293, "2015-12-31": 46.80106376277809, "2015-09-30": 44.93240352811461, "2015-06-30": 57.48873303270513, "2015-03-31": 50.38592360248726, "2014-12-31": 52.57635581303553, "2014-09-30": 49.32714626952457, "2014-06-30": 55.97305386332639, "2014-03-31": 49.45156323835631, "2013-12-31": 39.81381179455714, "2013-09-30": 31.05339573599558, "2013-06-30": 29.31822843277194, "2013-03-31": 19.644280698770505, "2012-12-31": 23.31612881892865, "2012-09-30": 21.728412228729045, "2012-06-30": 18.623863918134468, "2012-03-31": 25.114594425307818, "2011-12-31": 14.808836902792008, "2011-09-30": 23.329995036012804, "2011-06-30": 36.12505760172965, "2011-03-31": 36.86584887303633, "2010-12-31": 36.013624164457134, "2010-09-30": 29.76077474494663, "2010-06-30": 28.049328708258226, "2010-03-31": 27.05201710609589, "2009-12-31": 22.487832651595447, "2009-09-30": 36.172663664743034, "2009-06-30": 32.50593963879492, "2009-03-31": 28.76300051233223, "2008-12-31": 19.841873935649083, "2008-09-30": 31.29995221878366, "2008-06-30": 40.170998770815224, "2008-03-31": 37.818690693620304, "2007-12-31": 28.57648071757266, "2007-09-30": 30.74026360281249, "2007-06-30": 27.11901390713606, "2007-03-31": 21.103685824891798, "2006-12-31": 32.016357550666335, "2006-09-30": 30.401202142045516, "2006-06-30": 32.09139790352166, "2006-03-31": 36.71034129733506, "2005-12-31": 26.64159979432929, "2005-09-30": 25.93776994852357}, "Price": {"2025-06-30": 94.7900009155, "2025-03-31": 80.0, "2024-12-31": 133.5700073242, "2024-09-30": 130.1199951172, "2024-06-30": 104.3799972534, "2024-03-31": 133.5797729492, "2023-12-31": 135.4474639893, "2023-09-30": 133.5408630371, "2023-06-30": 180.4377441406, "2023-03-31": 219.1245117188, "2022-12-31": 196.6926116943, "2022-09-30": 188.5311279297, "2022-06-30": 181.352142334, "2022-03-31": 342.4513549805, "2021-12-31": 373.7743225098, "2021-09-30": 400.3988342285, "2021-06-30": 466.1284179688, "2021-03-31": 358.9104919434, "2020-12-31": 354.1731567383, "2020-09-30": 297.1789855957, "2020-06-30": 352.441619873, "2020-03-31": 268.706237793, "2019-12-31": 319.202331543, "2019-09-30": 293.0739440918, "2019-06-30": 358.1225585938, "2019-03-31": 302.2276306152, "2018-12-31": 290.1069946289, "2018-09-30": 357.0622558594, "2018-06-30": 271.6828918457, "2018-03-31": 229.9805450439, "2017-12-31": 212.5389099121, "2017-09-30": 193.7743225098, "2017-06-30": 171.9357910156, "2017-03-31": 168.443572998, "2016-12-31": 124.5525283813, "2016-09-30": 171.7509765625, "2016-06-30": 133.8326873779, "2016-03-31": 153.1420288086, "2015-12-31": 185.8657531738, "2015-09-30": 165.1945495605, "2015-06-30": 208.1517486572, "2015-03-31": 182.5097351074, "2014-12-31": 181.2159576416, "2014-09-30": 160.7198486328, "2014-06-30": 167.9961090088, "2014-03-31": 138.1517486572, "2013-12-31": 107.1984405518, "2013-09-30": 78.8035049438, "2013-06-30": 72.8015594482, "2013-03-31": 52.5291824341, "2012-12-31": 53.2587547302, "2012-09-30": 46.8774337769, "2012-06-30": 39.2898826599, "2012-03-31": 51.1770439148, "2011-12-31": 29.649805069, "2011-09-30": 40.4085617065, "2011-06-30": 73.2490234375, "2011-03-31": 68.0155639648, "2010-12-31": 62.2373542786, "2010-09-30": 48.638130188, "2010-06-30": 42.1887168884, "2010-03-31": 38.1031112671, "2009-12-31": 29.8346290588, "2009-09-30": 40.9533081055, "2009-06-30": 37.6750984192, "2009-03-31": 35.8560295105, "2008-12-31": 24.319065094, "2008-09-30": 39.2801551819, "2008-06-30": 42.2130355835, "2008-03-31": 36.138130188, "2007-12-31": 29.2266540527, "2007-09-30": 25.2334632874, "2007-06-30": 19.7422180176, "2007-03-31": 14.2509727478, "2006-12-31": 19.1196498871, "2006-09-30": 16.0700397491, "2006-06-30": 14.095331192, "2006-03-31": 12.8793773651, "2005-12-31": 6.8579769135, "2005-09-30": 6.1867699623}, "Sales": {"2025-06-30": 1059000000, "2025-03-31": 1041000000, "2024-12-31": 1104000000, "2024-09-30": 1080000000, "2024-06-30": 1112000000, "2024-03-31": 1076000000, "2023-12-31": 1122000000, "2023-09-30": 1119000000, "2023-06-30": 1176000000, "2023-03-31": 1087000000, "2022-12-31": 1084000000, "2022-09-30": 1115000000, "2022-06-30": 1162000000, "2022-03-31": 1223000000, "2021-12-31": 1199000000, "2021-09-30": 1108000000, "2021-06-30": 1126000000, "2021-03-31": 1093000000, "2020-12-31": 953000000, "2020-09-30": 794000000, "2020-06-30": 633000000, "2020-03-31": 859000000, "2019-12-31": 952000000, "2019-09-30": 907000000, "2019-06-30": 838000000, "2019-03-31": 846000000, "2018-12-31": 867000000, "2018-09-30": 853000000, "2018-06-30": 830000000, "2018-03-31": 782000000, "2017-12-31": 778000000, "2017-09-30": 714000000, "2017-06-30": 662000000, "2017-03-31": 598000000, "2016-12-31": 619347000, "2016-09-30": 607139000, "2016-06-30": 600124000, "2016-03-31": 571763000, "2015-12-31": 591548000, "2015-09-30": 550271000, "2015-06-30": 539378000, "2015-03-31": 538565000, "2014-12-31": 512379000, "2014-09-30": 480630000, "2014-06-30": 447568000, "2014-03-31": 420781000, "2013-12-31": 387326000, "2013-09-30": 356800000, "2013-06-30": 346094000, "2013-03-31": 330958000, "2012-12-31": 309265000, "2012-09-30": 285874000, "2012-06-30": 280607000, "2012-03-31": 272770000, "2011-12-31": 250071000, "2011-09-30": 235499000, "2011-06-30": 287450000, "2011-03-31": 282515000, "2010-12-31": 261298000, "2010-09-30": 237309000, "2010-06-30": 212003000, "2010-03-31": 192131000, "2009-12-31": 180564000, "2009-09-30": 158360000, "2009-06-30": 161643000, "2009-03-31": 165757000, "2008-12-31": 160927000, "2008-09-30": 150260000, "2008-06-30": 140177000, "2008-03-31": 121861000, "2007-12-31": 112605000, "2007-09-30": 97510000, "2007-06-30": 84535000, "2007-03-31": 72150000, "2006-12-31": 60435000, "2006-09-30": 53472000, "2006-06-30": 41577000, "2006-03-31": 29102000, "2005-12-31": 23013000, "2005-09-30": 19516000}, "commonStockSharesOutstanding": {"2025-06-30": 158000000, "2025-03-31": 159000000, "2024-12-31": 160000000, "2024-09-30": 160000000, "2024-06-30": 159000000, "2024-03-31": 159000000, "2023-12-31": 159000000, "2023-09-30": 158000000, "2023-06-30": 158000000, "2023-03-31": 158000000, "2022-12-31": 158000000, "2022-09-30": 157000000, "2022-06-30": 157000000, "2022-03-31": 159000000, "2021-12-31": 157000000, "2021-09-30": 153000000, "2021-06-30": 147000000, "2021-03-31": 147000000, "2020-12-31": 147000000, "2020-09-30": 148000000, "2020-06-30": 148000000, "2020-03-31": 148000000, "2019-12-31": 148000000, "2019-09-30": 148000000, "2019-06-30": 149000000, "2019-03-31": 149000000, "2018-12-31": 149000000, "2018-09-30": 149000000, "2018-06-30": 148000000, "2018-03-31": 148000000, "2017-12-31": 148000000, "2017-09-30": 148000000, "2017-06-30": 147000000, "2017-03-31": 147000000, "2016-12-31": 148015000, "2016-09-30": 148000000, "2016-06-30": 148000000, "2016-03-31": 148000000, "2015-12-31": 148952000, "2015-09-30": 149672000, "2015-06-30": 148969000, "2015-03-31": 148683000, "2014-12-31": 148657000, "2014-09-30": 147512000, "2014-06-30": 149121000, "2014-03-31": 150619000, "2013-12-31": 143854000, "2013-09-30": 140601000, "2013-06-30": 139377000, "2013-03-31": 123768000, "2012-12-31": 135393000, "2012-09-30": 132507000, "2012-06-30": 133011000, "2012-03-31": 133859000, "2011-12-31": 124900000, "2011-09-30": 135966000, "2011-06-30": 141765000, "2011-03-31": 153129000, "2010-12-31": 151200000, "2010-09-30": 145205000, "2010-06-30": 140951000, "2010-03-31": 136407000, "2009-12-31": 136100000, "2009-09-30": 139874000, "2009-06-30": 139465000, "2009-03-31": 132967000, "2008-12-31": 131300000, "2008-09-30": 119733000, "2008-06-30": 133396000, "2008-03-31": 127528000, "2007-12-31": 110100000, "2007-09-30": 118790000, "2007-06-30": 116122000, "2007-03-31": 106844000, "2006-12-31": 101200000, "2006-09-30": 101158000, "2006-06-30": 94660000, "2006-03-31": 82950000, "2005-12-31": 89400000, "2005-09-30": 81820000}, "index": ["2025-06-30", "2025-03-31", "2024-12-31", "2024-09-30", "2024-06-30", "2024-03-31", "2023-12-31", "2023-09-30", "2023-06-30", "2023-03-31", "2022-12-31", "2022-09-30", "2022-06-30", "2022-03-31", "2021-12-31", "2021-09-30", "2021-06-30", "2021-03-31", "2020-12-31", "2020-09-30", "2020-06-30", "2020-03-31", "2019-12-31", "2019-09-30", "2019-06-30", "2019-03-31", "2018-12-31", "2018-09-30", "2018-06-30", "2018-03-31", "2017-12-31", "2017-09-30", "2017-06-30", "2017-03-31", "2016-12-31", "2016-09-30", "2016-06-30", "2016-03-31", "2015-12-31", "2015-09-30", "2015-06-30", "2015-03-31", "2014-12-31", "2014-09-30", "2014-06-30", "2014-03-31", "2013-12-31", "2013-09-30", "2013-06-30", "2013-03-31", "2012-12-31", "2012-09-30", "2012-06-30", "2012-03-31", "2011-12-31", "2011-09-30", "2011-06-30", "2011-03-31", "2010-12-31", "2010-09-30", "2010-06-30", "2010-03-31", "2009-12-31", "2009-09-30", "2009-06-30", "2009-03-31", "2008-12-31", "2008-09-30", "2008-06-30", "2008-03-31", "2007-12-31", "2007-09-30", "2007-06-30", "2007-03-31", "2006-12-31", "2006-09-30", "2006-06-30", "2006-03-31", "2005-12-31", "2005-09-30"]}