{"Sales": {"2025-06-30": 1059000000, "2025-03-31": 1041000000, "2024-12-31": 1104000000, "2024-09-30": 1080000000, "2024-06-30": 1112000000, "2024-03-31": 1076000000, "2023-12-31": 1122000000, "2023-09-30": 1119000000, "2023-06-30": 1176000000, "2023-03-31": 1087000000, "2022-12-31": 1084000000, "2022-09-30": 1115000000, "2022-06-30": 1162000000, "2022-03-31": 1223000000, "2021-12-31": 1199000000, "2021-09-30": 1108000000, "2021-06-30": 1126000000, "2021-03-31": 1093000000, "2020-12-31": 953000000, "2020-09-30": 794000000, "2020-06-30": 633000000, "2020-03-31": 859000000, "2019-12-31": 952000000, "2019-09-30": 907000000, "2019-06-30": 838000000, "2019-03-31": 846000000, "2018-12-31": 867000000, "2018-09-30": 853000000, "2018-06-30": 830000000, "2018-03-31": 782000000, "2017-12-31": 778000000, "2017-09-30": 714000000, "2017-06-30": 662000000, "2017-03-31": 598000000, "2016-12-31": 619347000, "2016-09-30": 607139000, "2016-06-30": 600124000, "2016-03-31": 571763000, "2015-12-31": 591548000, "2015-09-30": 550271000, "2015-06-30": 539378000, "2015-03-31": 538565000, "2014-12-31": 512379000, "2014-09-30": 480630000, "2014-06-30": 447568000, "2014-03-31": 420781000, "2013-12-31": 387326000, "2013-09-30": 356800000, "2013-06-30": 346094000, "2013-03-31": 330958000, "2012-12-31": 309265000, "2012-09-30": 285874000, "2012-06-30": 280607000, "2012-03-31": 272770000, "2011-12-31": 250071000, "2011-09-30": 235499000, "2011-06-30": 287450000, "2011-03-31": 282515000, "2010-12-31": 261298000, "2010-09-30": 237309000, "2010-06-30": 212003000, "2010-03-31": 192131000, "2009-12-31": 180564000, "2009-09-30": 158360000, "2009-06-30": 161643000, "2009-03-31": 165757000, "2008-12-31": 160927000, "2008-09-30": 150260000, "2008-06-30": 140177000, "2008-03-31": 121861000, "2007-12-31": 112605000, "2007-09-30": 97510000, "2007-06-30": 84535000, "2007-03-31": 72150000, "2006-12-31": 60435000, "2006-09-30": 53472000, "2006-06-30": 41577000, "2006-03-31": 29102000, "2005-12-31": 23013000, "2005-09-30": 19516000, "2005-06-30": 15824000}, "index": ["2025-06-30", "2025-03-31", "2024-12-31", "2024-09-30", "2024-06-30", "2024-03-31", "2023-12-31", "2023-09-30", "2023-06-30", "2023-03-31", "2022-12-31", "2022-09-30", "2022-06-30", "2022-03-31", "2021-12-31", "2021-09-30", "2021-06-30", "2021-03-31", "2020-12-31", "2020-09-30", "2020-06-30", "2020-03-31", "2019-12-31", "2019-09-30", "2019-06-30", "2019-03-31", "2018-12-31", "2018-09-30", "2018-06-30", "2018-03-31", "2017-12-31", "2017-09-30", "2017-06-30", "2017-03-31", "2016-12-31", "2016-09-30", "2016-06-30", "2016-03-31", "2015-12-31", "2015-09-30", "2015-06-30", "2015-03-31", "2014-12-31", "2014-09-30", "2014-06-30", "2014-03-31", "2013-12-31", "2013-09-30", "2013-06-30", "2013-03-31", "2012-12-31", "2012-09-30", "2012-06-30", "2012-03-31", "2011-12-31", "2011-09-30", "2011-06-30", "2011-03-31", "2010-12-31", "2010-09-30", "2010-06-30", "2010-03-31", "2009-12-31", "2009-09-30", "2009-06-30", "2009-03-31", "2008-12-31", "2008-09-30", "2008-06-30", "2008-03-31", "2007-12-31", "2007-09-30", "2007-06-30", "2007-03-31", "2006-12-31", "2006-09-30", "2006-06-30", "2006-03-31", "2005-12-31", "2005-09-30", "2005-06-30"]}