{"Price_Sales": {"2025-06-30": 24.020300768930976, "2025-03-31": 26.872991701226013, "2024-12-31": 22.706029340779708, "2024-09-30": 25.41644199577938, "2024-06-30": 21.439815243229862, "2024-03-31": 22.388357009887695, "2023-12-31": 22.32446857065262, "2023-09-30": 19.13584592632995, "2023-06-30": 20.33242343095804, "2023-03-31": 22.693536977298926, "2022-12-31": 25.12907437133789, "2022-09-30": 20.3044058047959, "2022-06-30": 21.87047090441975, "2022-03-31": 23.26680547408614, "2021-12-31": 24.128961794475128, "2021-09-30": 20.316871705365784, "2021-06-30": 20.303142457597286, "2021-03-31": 22.289396713155334, "2020-12-31": 23.711876636735933, "2020-09-30": 21.002748814325777, "2020-06-30": 22.860739814918357, "2020-03-31": 19.12240540755376, "2019-12-31": 22.06802314653973, "2019-09-30": 20.525290448570072, "2019-06-30": 18.10076194512101, "2019-03-31": 19.01010593601224, "2018-12-31": 23.37145026691509, "2018-09-30": 18.213623738085104, "2018-06-30": 15.954484946661195, "2018-03-31": 19.416467737157358, "2017-12-31": 20.425160781770977, "2017-09-30": 16.674107402188845, "2017-06-30": 15.441606733927259, "2017-03-31": 15.510922610380586, "2016-12-31": 14.537774316181803, "2016-09-30": 12.988363221684326, "2016-06-30": 12.589683407420601, "2016-03-31": 14.713256479770473, "2015-12-31": 14.066725959777832, "2015-09-30": 11.14288160591663, "2015-06-30": 10.337696236111139, "2015-03-31": 12.002159417104059, "2014-12-31": 12.420446975341697, "2014-09-30": 11.08446335505866, "2014-06-30": 10.487254821270092, "2014-03-31": 11.450691133692478, "2013-12-31": 11.527444715085236, "2013-09-30": 9.852526005327157, "2013-06-30": 9.70291903731645, "2013-03-31": 11.232098137354711, "2012-12-31": 9.61204354891034, "2012-09-30": 9.406285571588304, "2012-06-30": 9.09136092725673, "2012-03-31": 10.063825997264143, "2011-12-31": 9.528284468858137, "2011-09-30": 8.505896477353566, "2011-06-30": 7.862118872778564, "2011-03-31": 9.362341633153141, "2010-12-31": 9.25896504894538, "2010-09-30": 10.273811693460901, "2010-06-30": 8.44405675940396, "2010-03-31": 10.531423181172622, "2009-12-31": 10.95080277484838, "2009-09-30": 9.447397200756557, "2009-06-30": 8.227556158730035, "2009-03-31": 8.541279929138856, "2008-12-31": 8.67588460281462, "2008-09-30": 8.353108100750216, "2008-06-30": 7.864541039434176, "2008-03-31": 11.29784869902146, "2007-12-31": 11.545758421302995, "2007-09-30": 10.017526928191067, "2007-06-30": 8.992674191833915, "2007-03-31": 10.363787305564074, "2006-12-31": 10.642068313732393, "2006-09-30": 9.082754930106708, "2006-06-30": 8.696583451570884, "2006-03-31": 10.528292897921888, "2005-12-31": 9.413213336431236, "2005-09-30": 9.271661220687657}, "Price": {"2025-06-30": 69.79473114013672, "2025-03-31": 69.34141540527344, "2024-12-31": 60.67555618286133, "2024-09-30": 69.69384765625, "2024-06-30": 61.37078857421875, "2024-03-31": 58.535037994384766, "2023-12-31": 55.93490982055664, "2023-09-30": 52.715087890625, "2023-06-30": 56.0745849609375, "2023-03-31": 57.3475341796875, "2022-12-31": 58.530452728271484, "2022-09-30": 51.686065673828125, "2022-06-30": 56.89939880371094, "2022-03-31": 56.02296447753906, "2021-12-31": 52.53197479248047, "2021-09-30": 46.96639633178711, "2021-06-30": 47.406761169433594, "2021-03-31": 46.43195343017578, "2020-12-31": 47.16631317138672, "2020-09-30": 42.05410385131836, "2020-06-30": 37.827884674072266, "2020-03-31": 38.02816390991211, "2019-12-31": 46.30097961425781, "2019-09-30": 45.15943908691406, "2019-06-30": 42.03329086303711, "2019-03-31": 38.382225036621094, "2018-12-31": 38.32613754272461, "2018-09-30": 37.211769104003906, "2018-06-30": 35.036643981933594, "2018-03-31": 34.386898040771484, "2017-12-31": 36.008872985839844, "2017-09-30": 35.03878402709961, "2017-06-30": 34.623172760009766, "2017-03-31": 32.632347106933594, "2016-12-31": 31.481224060058594, "2016-09-30": 31.646486282348633, "2016-06-30": 33.189937591552734, "2016-03-31": 34.5234375, "2015-12-31": 32.04265594482422, "2015-09-30": 28.945148468017578, "2015-06-30": 28.50840187072754, "2015-03-31": 29.07171630859375, "2014-12-31": 30.433874130249023, "2014-09-30": 29.86446189880371, "2014-06-30": 29.60636329650879, "2014-03-31": 27.128698348999023, "2013-12-31": 28.394241333007812, "2013-09-30": 26.350797653198242, "2013-06-30": 27.32549476623535, "2013-03-31": 27.36119270324707, "2012-12-31": 24.16193962097168, "2012-09-30": 25.30489730834961, "2012-06-30": 25.906023025512695, "2012-03-31": 24.354808807373047, "2011-12-31": 22.85794448852539, "2011-09-30": 22.394716262817383, "2011-06-30": 21.489229202270508, "2011-03-31": 21.120494842529297, "2010-12-31": 20.796998977661133, "2010-09-30": 18.5289249420166, "2010-06-30": 15.751343727111816, "2010-03-31": 17.028139114379883, "2009-12-31": 17.754863739013672, "2009-09-30": 16.29392433166504, "2009-06-30": 14.639949798583984, "2009-03-31": 13.202336311340332, "2008-12-31": 13.364538192749023, "2008-09-30": 15.051016807556152, "2008-06-30": 15.181954383850098, "2008-03-31": 17.730077743530273, "2007-12-31": 18.001266479492188, "2007-09-30": 16.523977279663086, "2007-06-30": 14.948484420776367, "2007-03-31": 13.62563419342041, "2006-12-31": 13.599472045898438, "2006-09-30": 12.509624481201172, "2006-06-30": 11.9725923538208, "2006-03-31": 11.627400398254395, "2005-12-31": 11.04709243774414, "2005-09-30": 11.73438549041748}, "Sales": {"2025-06-30": 12535000000, "2025-03-31": 11129000000, "2024-12-31": 11544000000, "2024-09-30": 11854000000, "2024-06-30": 12363000000, "2024-03-31": 11300000000, "2023-12-31": 10849000000, "2023-09-30": 11953000000, "2023-06-30": 11972000000, "2023-03-31": 10980000000, "2022-12-31": 10125000000, "2022-09-30": 11063000000, "2022-06-30": 11325000000, "2022-03-31": 10491000000, "2021-12-31": 9464000000, "2021-09-30": 10042000000, "2021-06-30": 10129000000, "2021-03-31": 9020000000, "2020-12-31": 8611000000, "2020-09-30": 8652000000, "2020-06-30": 7150000000, "2020-03-31": 8601000000, "2019-12-31": 9068000000, "2019-09-30": 9507000000, "2019-06-30": 9997000000, "2019-03-31": 8694000000, "2018-12-31": 7058000000, "2018-09-30": 8775000000, "2018-06-30": 9421000000, "2018-03-31": 7626000000, "2017-12-31": 7512000000, "2017-09-30": 9078000000, "2017-06-30": 9702000000, "2017-03-31": 9118000000, "2016-12-31": 9409000000, "2016-09-30": 10633000000, "2016-06-30": 11539000000, "2016-03-31": 10282000000, "2015-12-31": 10000000000, "2015-09-30": 11427000000, "2015-06-30": 12156000000, "2015-03-31": 10711000000, "2014-12-31": 10872000000, "2014-09-30": 11976000000, "2014-06-30": 12574000000, "2014-03-31": 10576000000, "2013-12-31": 11040000000, "2013-09-30": 12030000000, "2013-06-30": 12749000000, "2013-03-31": 11035000000, "2012-12-31": 11455000000, "2012-09-30": 12340000000, "2012-06-30": 13085000000, "2012-03-31": 11137000000, "2011-12-31": 11040000000, "2011-09-30": 12248000000, "2011-06-30": 12737000000, "2011-03-31": 10517000000, "2010-12-31": 10494000000, "2010-09-30": 8426000000, "2010-06-30": 8674000000, "2010-03-31": 7525000000, "2009-12-31": 7510000000, "2009-09-30": 8044000000, "2009-06-30": 8267000000, "2009-03-31": 7169000000, "2008-12-31": 7126000000, "2008-09-30": 8393000000, "2008-06-30": 9046000000, "2008-03-31": 7379000000, "2007-12-31": 7331000000, "2007-09-30": 7690000000, "2007-06-30": 7733000000, "2007-03-31": 6103000000, "2006-12-31": 5932000000, "2006-09-30": 6454000000, "2006-06-30": 6476000000, "2006-03-31": 5226000000, "2005-12-31": 5551000000, "2005-09-30": 6037000000}, "commonStockSharesOutstanding": {"2025-06-30": 4314000000, "2025-03-31": 4313000000, "2024-12-31": 4320000000, "2024-09-30": 4323000000, "2024-06-30": 4319000000, "2024-03-31": 4322000000, "2023-12-31": 4330000000, "2023-09-30": 4339000000, "2023-06-30": 4341000000, "2023-03-31": 4345000000, "2022-12-31": 4347000000, "2022-09-30": 4346000000, "2022-06-30": 4353000000, "2022-03-31": 4357000000, "2021-12-31": 4347000000, "2021-09-30": 4344000000, "2021-06-30": 4338000000, "2021-03-31": 4330000000, "2020-12-31": 4329000000, "2020-09-30": 4321000000, "2020-06-30": 4321000000, "2020-03-31": 4325000000, "2019-12-31": 4322000000, "2019-09-30": 4321000000, "2019-06-30": 4305000000, "2019-03-31": 4306000000, "2018-12-31": 4304000000, "2018-09-30": 4295000000, "2018-06-30": 4290000000, "2018-03-31": 4306000000, "2017-12-31": 4261000000, "2017-09-30": 4320000000, "2017-06-30": 4327000000, "2017-03-31": 4334000000, "2016-12-31": 4345000000, "2016-09-30": 4364000000, "2016-06-30": 4377000000, "2016-03-31": 4382000000, "2015-12-31": 4390000000, "2015-09-30": 4399000000, "2015-06-30": 4408000000, "2015-03-31": 4422000000, "2014-12-31": 4437000000, "2014-09-30": 4445000000, "2014-06-30": 4454000000, "2014-03-31": 4464000000, "2013-12-31": 4482000000, "2013-09-30": 4498000000, "2013-06-30": 4527000000, "2013-03-31": 4530000000, "2012-12-31": 4557000000, "2012-09-30": 4587000000, "2012-06-30": 4592000000, "2012-03-31": 4602000000, "2011-12-31": 4602000000, "2011-09-30": 4652000000, "2011-06-30": 4660000000, "2011-03-31": 4662000000, "2010-12-31": 4672000000, "2010-09-30": 4672000000, "2010-06-30": 4650000000, "2010-03-31": 4654000000, "2009-12-31": 4632000000, "2009-09-30": 4664000000, "2009-06-30": 4646000000, "2009-03-31": 4638000000, "2008-12-31": 4626000000, "2008-09-30": 4658000000, "2008-06-30": 4686000000, "2008-03-31": 4702000000, "2007-12-31": 4702000000, "2007-09-30": 4662000000, "2007-06-30": 4652000000, "2007-03-31": 4642000000, "2006-12-31": 4642000000, "2006-09-30": 4686000000, "2006-06-30": 4704000000, "2006-03-31": 4732000000, "2005-12-31": 4730000000, "2005-09-30": 4770000000}, "index": ["2025-06-30", "2025-03-31", "2024-12-31", "2024-09-30", "2024-06-30", "2024-03-31", "2023-12-31", "2023-09-30", "2023-06-30", "2023-03-31", "2022-12-31", "2022-09-30", "2022-06-30", "2022-03-31", "2021-12-31", "2021-09-30", "2021-06-30", "2021-03-31", "2020-12-31", "2020-09-30", "2020-06-30", "2020-03-31", "2019-12-31", "2019-09-30", "2019-06-30", "2019-03-31", "2018-12-31", "2018-09-30", "2018-06-30", "2018-03-31", "2017-12-31", "2017-09-30", "2017-06-30", "2017-03-31", "2016-12-31", "2016-09-30", "2016-06-30", "2016-03-31", "2015-12-31", "2015-09-30", "2015-06-30", "2015-03-31", "2014-12-31", "2014-09-30", "2014-06-30", "2014-03-31", "2013-12-31", "2013-09-30", "2013-06-30", "2013-03-31", "2012-12-31", "2012-09-30", "2012-06-30", "2012-03-31", "2011-12-31", "2011-09-30", "2011-06-30", "2011-03-31", "2010-12-31", "2010-09-30", "2010-06-30", "2010-03-31", "2009-12-31", "2009-09-30", "2009-06-30", "2009-03-31", "2008-12-31", "2008-09-30", "2008-06-30", "2008-03-31", "2007-12-31", "2007-09-30", "2007-06-30", "2007-03-31", "2006-12-31", "2006-09-30", "2006-06-30", "2006-03-31", "2005-12-31", "2005-09-30"]}