{"Sales": {"2025-06-30": 6843000000, "2025-03-31": 5955000000, "2024-12-31": 6388000000, "2024-09-30": 6874000000, "2024-06-30": 6490000000, "2024-03-31": 6169000000, "2023-12-31": 6406200000, "2023-09-30": 6692000000, "2023-06-30": 6497000000, "2023-03-31": 5898000000, "2022-12-31": 5926500000, "2022-09-30": 5872100000, "2022-06-30": 5718400000, "2022-03-31": 5665600000, "2021-12-31": 6009100000, "2021-09-30": 6201300000, "2021-06-30": 5887900000, "2021-03-31": 5124600000, "2020-12-31": 5313800000, "2020-09-30": 5418100000, "2020-06-30": 3761500000, "2020-03-31": 4714400000, "2019-12-31": 5349000000, "2019-09-30": 5502300000, "2019-06-30": 5409800000, "2019-03-31": 5024100000, "2018-12-31": 5163000000, "2018-09-30": 5369400000, "2018-06-30": 5353900000, "2018-03-31": 5138900000, "2017-12-31": 5340200000, "2017-09-30": 5754600000, "2017-06-30": 6049700000, "2017-03-31": 5675900000, "2016-12-31": 6028900000, "2016-09-30": 6424100000, "2016-06-30": 6265000000, "2016-03-31": 5903900000, "2015-12-31": 6341300000, "2015-09-30": 6615100000, "2015-06-30": 6497700000, "2015-03-31": 5958900000, "2014-12-31": 6572200000, "2014-09-30": 6987100000, "2014-06-30": 7181700000, "2014-03-31": 6700300000, "2013-12-31": 7093200000, "2013-09-30": 7323400000, "2013-06-30": 7083800000, "2013-03-31": 6605300000, "2012-12-31": 6952100000, "2012-09-30": 7152400000, "2012-06-30": 6915900000, "2012-03-31": 6546600000, "2011-12-31": 6822700000, "2011-09-30": 7166300000, "2011-06-30": 6905400000, "2011-03-31": 6111600000, "2010-12-31": 6214100000, "2010-09-30": 6304900000, "2010-06-30": 5945500000, "2010-03-31": 5610100000, "2009-12-31": 5973400000, "2009-09-30": 6046700000, "2009-06-30": 5647200000, "2009-03-31": 5077400000, "2008-12-31": 5565000000, "2008-09-30": 6267300000, "2008-06-30": 6075300000, "2008-03-31": 5614800000, "2007-12-31": 5753600000, "2007-09-30": 5900900000, "2007-06-30": 5839400000, "2007-03-31": 5292700000, "2006-12-31": 5030700000, "2006-09-30": 5503200000, "2006-06-30": 5367400000, "2006-03-31": 4913900000, "2005-12-31": 5234600000, "2005-09-30": 5327100000, "2005-06-30": 5095700000}, "index": ["2025-06-30", "2025-03-31", "2024-12-31", "2024-09-30", "2024-06-30", "2024-03-31", "2023-12-31", "2023-09-30", "2023-06-30", "2023-03-31", "2022-12-31", "2022-09-30", "2022-06-30", "2022-03-31", "2021-12-31", "2021-09-30", "2021-06-30", "2021-03-31", "2020-12-31", "2020-09-30", "2020-06-30", "2020-03-31", "2019-12-31", "2019-09-30", "2019-06-30", "2019-03-31", "2018-12-31", "2018-09-30", "2018-06-30", "2018-03-31", "2017-12-31", "2017-09-30", "2017-06-30", "2017-03-31", "2016-12-31", "2016-09-30", "2016-06-30", "2016-03-31", "2015-12-31", "2015-09-30", "2015-06-30", "2015-03-31", "2014-12-31", "2014-09-30", "2014-06-30", "2014-03-31", "2013-12-31", "2013-09-30", "2013-06-30", "2013-03-31", "2012-12-31", "2012-09-30", "2012-06-30", "2012-03-31", "2011-12-31", "2011-09-30", "2011-06-30", "2011-03-31", "2010-12-31", "2010-09-30", "2010-06-30", "2010-03-31", "2009-12-31", "2009-09-30", "2009-06-30", "2009-03-31", "2008-12-31", "2008-09-30", "2008-06-30", "2008-03-31", "2007-12-31", "2007-09-30", "2007-06-30", "2007-03-31", "2006-12-31", "2006-09-30", "2006-06-30", "2006-03-31", "2005-12-31", "2005-09-30", "2005-06-30"]}