{"Price_Sales": {"2025-06-30": 30.401167914805733, "2025-03-31": 36.619674207557665, "2024-12-31": 32.07524858497424, "2024-09-30": 31.083771275821938, "2024-06-30": 27.543582604735953, "2024-03-31": 32.024616822100356, "2023-12-31": 32.33232010229256, "2023-09-30": 27.478366834933503, "2023-06-30": 31.583812824124205, "2023-03-31": 32.70077746194999, "2022-12-31": 30.716577966153086, "2022-09-30": 27.550309543171444, "2022-06-30": 29.838634826113676, "2022-03-31": 30.333895365756234, "2021-12-31": 30.6813134905387, "2021-09-30": 27.065260890298614, "2021-06-30": 26.718337011320273, "2021-03-31": 29.77146929843743, "2020-12-31": 26.833709004080657, "2020-09-30": 27.00611341985515, "2020-06-30": 32.26787312771433, "2020-03-31": 23.588726658014377, "2019-12-31": 24.35551414696563, "2019-09-30": 25.74742047984257, "2019-06-30": 25.537240404329783, "2019-03-31": 25.093921818320073, "2018-12-31": 22.577414437529885, "2018-09-30": 20.639506268804112, "2018-06-30": 19.452770692508288, "2018-03-31": 20.395073343356515, "2017-12-31": 21.58147748813777, "2017-09-30": 18.359730106380674, "2017-06-30": 17.086677851794303, "2017-03-31": 15.396343900263545, "2016-12-31": 13.617186203272475, "2016-09-30": 12.218340045902055, "2016-06-30": 13.299785480666714, "2016-03-31": 15.17868838065277, "2015-12-31": 13.66260890405149, "2015-09-30": 10.778638505688424, "2015-06-30": 10.909664894307252, "2015-03-31": 12.194914477960856, "2014-12-31": 10.620732295680389, "2014-09-30": 10.237493850536138, "2014-06-30": 10.512112600428868, "2014-03-31": 10.74151829416559, "2013-12-31": 10.071295521542055, "2013-09-30": 9.732719057387696, "2013-06-30": 10.220082423490357, "2013-03-31": 10.973833421003127, "2012-12-31": 9.085649393261944, "2012-09-30": 9.211994883691588, "2012-06-30": 9.197232930928006, "2012-03-31": 10.746363983420007, "2011-12-31": 10.33247012817619, "2011-09-30": 8.852637694219773, "2011-06-30": 8.746077354712446, "2011-03-31": 8.850796340561887, "2010-12-31": 8.601284837178824, "2010-09-30": 8.451910616969641, "2010-06-30": 8.02271698809043, "2010-03-31": 8.563463691084085, "2009-12-31": 7.361067370191814, "2009-09-30": 6.690513253261262, "2009-06-30": 7.194053063160942, "2009-03-31": 7.564268870028194, "2008-12-31": 7.6823163498603195, "2008-09-30": 6.783997451694335, "2008-06-30": 6.606538601762079, "2008-03-31": 7.07409001375065, "2007-12-31": 7.229151818060106, "2007-09-30": 6.6250058599681925, "2007-06-30": 6.1695354788434935, "2007-03-31": 6.185848720786293, "2006-12-31": 6.293448304467455, "2006-09-30": 5.139583401909435, "2006-06-30": 4.529013677970101, "2006-03-31": 5.187602685604508, "2005-12-31": 4.688859850449479, "2005-09-30": 4.545240981361627}, "Price": {"2025-06-30": 289.90411376953125, "2025-03-31": 303.6343078613281, "2024-12-31": 284.6973571777344, "2024-09-30": 296.763671875, "2024-06-30": 247.58705139160156, "2024-03-31": 272.15850830078125, "2023-12-31": 284.5937194824219, "2023-09-30": 251.3466796875, "2023-06-30": 279.4498596191406, "2023-03-31": 262.2286682128906, "2022-12-31": 247.3394012451172, "2022-09-30": 218.7669677734375, "2022-06-30": 229.95855712890625, "2022-03-31": 229.8819122314453, "2021-12-31": 245.29946899414062, "2021-09-30": 223.01329040527344, "2021-06-30": 209.1675262451172, "2021-03-31": 203.15162658691406, "2020-12-31": 189.86546325683594, "2020-09-30": 195.09576416015625, "2020-06-30": 162.1367950439453, "2020-03-31": 148.1373291015625, "2019-12-31": 172.41615295410156, "2019-09-30": 185.4562530517578, "2019-06-30": 179.7207794189453, "2019-03-31": 163.3934326171875, "2018-12-31": 150.09939575195312, "2018-09-30": 142.15208435058594, "2018-06-30": 132.31887817382812, "2018-03-31": 131.22354125976562, "2017-12-31": 143.52354431152344, "2017-09-30": 129.87449645996094, "2017-06-30": 126.18319702148438, "2017-03-31": 105.89930725097656, "2016-12-31": 98.94739532470703, "2016-09-30": 92.59388732910156, "2016-06-30": 95.6418228149414, "2016-03-31": 99.9815444946289, "2015-12-31": 94.1827392578125, "2015-09-30": 76.27489471435547, "2015-06-30": 74.02645111083984, "2015-03-31": 75.2649154663086, "2014-12-31": 71.84928131103516, "2014-09-30": 72.70826721191406, "2014-06-30": 76.01171875, "2014-03-31": 72.26769256591797, "2013-12-31": 71.48775482177734, "2013-09-30": 70.97848510742188, "2013-06-30": 71.77259826660156, "2013-03-31": 71.71098327636719, "2012-12-31": 62.49563980102539, "2012-09-30": 64.88858795166016, "2012-06-30": 62.12241744995117, "2012-03-31": 68.30305480957031, "2011-12-31": 69.36846160888672, "2011-09-30": 60.924476623535156, "2011-06-30": 57.64547348022461, "2011-03-31": 51.29198455810547, "2010-12-31": 51.51353454589844, "2010-09-30": 49.57526397705078, "2010-06-30": 43.92583465576172, "2010-03-31": 44.071083068847656, "2009-12-31": 40.87257766723633, "2009-09-30": 36.83803176879883, "2009-06-30": 36.55412673950195, "2009-03-31": 34.15761184692383, "2008-12-31": 38.751277923583984, "2008-09-30": 37.427242279052734, "2008-06-30": 34.93793869018555, "2008-03-31": 34.08530044555664, "2007-12-31": 36.30730438232422, "2007-09-30": 32.386295318603516, "2007-06-30": 30.180435180664062, "2007-03-31": 26.785438537597656, "2006-12-31": 26.357351303100586, "2006-09-30": 22.70543098449707, "2006-06-30": 19.4783878326416, "2006-03-31": 20.052989959716797, "2005-12-31": 19.571250915527344, "2005-09-30": 19.04132843017578}, "Sales": {"2025-06-30": 6843000000, "2025-03-31": 5955000000, "2024-12-31": 6388000000, "2024-09-30": 6874000000, "2024-06-30": 6490000000, "2024-03-31": 6169000000, "2023-12-31": 6406200000, "2023-09-30": 6692000000, "2023-06-30": 6497000000, "2023-03-31": 5898000000, "2022-12-31": 5926500000, "2022-09-30": 5872100000, "2022-06-30": 5718400000, "2022-03-31": 5665600000, "2021-12-31": 6009100000, "2021-09-30": 6201300000, "2021-06-30": 5887900000, "2021-03-31": 5124600000, "2020-12-31": 5313800000, "2020-09-30": 5418100000, "2020-06-30": 3761500000, "2020-03-31": 4714400000, "2019-12-31": 5349000000, "2019-09-30": 5502300000, "2019-06-30": 5409800000, "2019-03-31": 5024100000, "2018-12-31": 5163000000, "2018-09-30": 5369400000, "2018-06-30": 5353900000, "2018-03-31": 5138900000, "2017-12-31": 5340200000, "2017-09-30": 5754600000, "2017-06-30": 6049700000, "2017-03-31": 5675900000, "2016-12-31": 6028900000, "2016-09-30": 6424100000, "2016-06-30": 6265000000, "2016-03-31": 5903900000, "2015-12-31": 6341300000, "2015-09-30": 6615100000, "2015-06-30": 6497700000, "2015-03-31": 5958900000, "2014-12-31": 6572200000, "2014-09-30": 6987100000, "2014-06-30": 7181700000, "2014-03-31": 6700300000, "2013-12-31": 7093200000, "2013-09-30": 7323400000, "2013-06-30": 7083800000, "2013-03-31": 6605300000, "2012-12-31": 6952100000, "2012-09-30": 7152400000, "2012-06-30": 6915900000, "2012-03-31": 6546600000, "2011-12-31": 6822700000, "2011-09-30": 7166300000, "2011-06-30": 6905400000, "2011-03-31": 6111600000, "2010-12-31": 6214100000, "2010-09-30": 6304900000, "2010-06-30": 5945500000, "2010-03-31": 5610100000, "2009-12-31": 5973400000, "2009-09-30": 6046700000, "2009-06-30": 5647200000, "2009-03-31": 5077400000, "2008-12-31": 5565000000, "2008-09-30": 6267300000, "2008-06-30": 6075300000, "2008-03-31": 5614800000, "2007-12-31": 5753600000, "2007-09-30": 5900900000, "2007-06-30": 5839400000, "2007-03-31": 5292700000, "2006-12-31": 5030700000, "2006-09-30": 5503200000, "2006-06-30": 5367400000, "2006-03-31": 4913900000, "2005-12-31": 5234600000, "2005-09-30": 5327100000}, "commonStockSharesOutstanding": {"2025-06-30": 717600000, "2025-03-31": 718200000, "2024-12-31": 719700000, "2024-09-30": 720000000, "2024-06-30": 722000000, "2024-03-31": 725900000, "2023-12-31": 727800000, "2023-09-30": 731600000, "2023-06-30": 734300000, "2023-03-31": 735500000, "2022-12-31": 736000000, "2022-09-30": 739500000, "2022-06-30": 742000000, "2022-03-31": 747600000, "2021-12-31": 751600000, "2021-09-30": 752600000, "2021-06-30": 752100000, "2021-03-31": 751000000, "2020-12-31": 751000000, "2020-09-30": 750000000, "2020-06-30": 748600000, "2020-03-31": 750700000, "2019-12-31": 755600000, "2019-09-30": 763900000, "2019-06-30": 768700000, "2019-03-31": 771600000, "2018-12-31": 776600000, "2018-09-30": 779600000, "2018-06-30": 787100000, "2018-03-31": 798700000, "2017-12-31": 803000000, "2017-09-30": 813500000, "2017-06-30": 819200000, "2017-03-31": 825200000, "2016-12-31": 829700000, "2016-09-30": 847700000, "2016-06-30": 871200000, "2016-03-31": 896300000, "2015-12-31": 919900000, "2015-09-30": 934800000, "2015-06-30": 957600000, "2015-03-31": 965500000, "2014-12-31": 971500000, "2014-09-30": 983800000, "2014-06-30": 993200000, "2014-03-31": 995900000, "2013-12-31": 999300000, "2013-09-30": 1004200000, "2013-06-30": 1008700000, "2013-03-31": 1010800000, "2012-12-31": 1010700000, "2012-09-30": 1015400000, "2012-06-30": 1023900000, "2012-03-31": 1030000000, "2011-12-31": 1016244880, "2011-09-30": 1041300000, "2011-06-30": 1047700000, "2011-03-31": 1054600000, "2010-12-31": 1037576718, "2010-09-30": 1074900000, "2010-06-30": 1085900000, "2010-03-31": 1090100000, "2009-12-31": 1075797083, "2009-09-30": 1098200000, "2009-06-30": 1111400000, "2009-03-31": 1124400000, "2008-12-31": 1103243371, "2008-09-30": 1136000000, "2008-06-30": 1148800000, "2008-03-31": 1165300000, "2007-12-31": 1145600000, "2007-09-30": 1207100000, "2007-06-30": 1193700000, "2007-03-31": 1222300000, "2006-12-31": 1201200000, "2006-09-30": 1245700000, "2006-06-30": 1248000000, "2006-03-31": 1271200000, "2005-12-31": 1254100000, "2005-09-30": 1271600000}, "index": ["2025-06-30", "2025-03-31", "2024-12-31", "2024-09-30", "2024-06-30", "2024-03-31", "2023-12-31", "2023-09-30", "2023-06-30", "2023-03-31", "2022-12-31", "2022-09-30", "2022-06-30", "2022-03-31", "2021-12-31", "2021-09-30", "2021-06-30", "2021-03-31", "2020-12-31", "2020-09-30", "2020-06-30", "2020-03-31", "2019-12-31", "2019-09-30", "2019-06-30", "2019-03-31", "2018-12-31", "2018-09-30", "2018-06-30", "2018-03-31", "2017-12-31", "2017-09-30", "2017-06-30", "2017-03-31", "2016-12-31", "2016-09-30", "2016-06-30", "2016-03-31", "2015-12-31", "2015-09-30", "2015-06-30", "2015-03-31", "2014-12-31", "2014-09-30", "2014-06-30", "2014-03-31", "2013-12-31", "2013-09-30", "2013-06-30", "2013-03-31", "2012-12-31", "2012-09-30", "2012-06-30", "2012-03-31", "2011-12-31", "2011-09-30", "2011-06-30", "2011-03-31", "2010-12-31", "2010-09-30", "2010-06-30", "2010-03-31", "2009-12-31", "2009-09-30", "2009-06-30", "2009-03-31", "2008-12-31", "2008-09-30", "2008-06-30", "2008-03-31", "2007-12-31", "2007-09-30", "2007-06-30", "2007-03-31", "2006-12-31", "2006-09-30", "2006-06-30", "2006-03-31", "2005-12-31", "2005-09-30"]}