{"Price_Sales": {"2025-07-31": 94.0804813398802, "2025-04-30": 60.885877451425486, "2025-01-31": 78.28258809310822, "2024-10-31": 98.37008749979958, "2024-07-31": 85.76976309419472, "2024-04-30": 83.8304261834624, "2024-01-31": 70.68222446991341, "2023-10-31": 56.619796744508726, "2023-07-31": 86.43653113015745, "2023-04-30": 95.99761127497383, "2023-01-31": 78.36630233830213, "2022-10-31": 58.218985269572556, "2022-07-31": 68.06340945933485, "2022-04-30": 56.676376581652285, "2022-01-31": 75.9108318671746, "2021-10-31": 91.17171763769593, "2021-07-31": 75.70931135206631, "2021-04-30": 68.27029418406228, "2021-01-31": 65.35280415612937, "2020-10-31": 66.63046516809129, "2020-07-31": 68.51692880550567, "2020-04-30": 60.04461684784332, "2020-01-31": 48.94609832763672, "2019-10-31": 41.41040360286842, "2019-07-31": 41.65059776350526, "2019-04-30": 49.39965263572899, "2019-01-31": 38.25013253261714, "2018-10-31": 39.516069423623975, "2018-07-31": 48.45598612311098, "2018-04-30": 43.789116740784316, "2018-01-31": 51.78555595059856, "2017-10-31": 47.99408633358019, "2017-07-31": 46.07612985345815, "2017-04-30": 34.045314936522175, "2017-01-31": 32.91946012634755, "2016-10-31": 22.61627922514955, "2016-07-31": 24.7733529241813, "2016-04-30": 15.917696536272421, "2016-01-31": 12.097002605639721, "2015-10-31": 11.939691282323494, "2015-07-31": 9.345060085485215, "2015-04-30": 10.527312927511232, "2015-01-31": 8.202242972874224, "2014-10-31": 8.140059878110886, "2014-07-31": 8.899800872413655, "2014-04-30": 9.155482356585056, "2014-01-31": 7.47966300075777, "2013-10-31": 7.973870366094749, "2013-07-31": 8.146188076380069, "2013-04-30": 8.172630383468139, "2013-01-31": 6.3887017157389625, "2012-10-31": 5.770049314774879, "2012-07-31": 7.293235190692537, "2012-04-30": 8.026782170633766, "2012-01-31": 8.806530052422314, "2011-10-31": 8.231257137739455, "2011-07-31": 7.658511019407948, "2011-04-30": 11.693609350008584, "2011-01-31": 14.78602320543012, "2010-10-31": 7.609020313759481, "2010-07-31": 5.949413483791162, "2010-04-30": 9.005917739623417, "2010-01-31": 8.249751530127998, "2009-10-31": 6.973641646843256, "2009-07-31": 8.313405578678237, "2009-04-30": 8.144607146253183, "2009-01-31": 8.238640745848786, "2008-10-31": 4.976317427432204, "2008-07-31": 6.549107139179067, "2008-04-30": 9.506149241244511, "2008-01-31": 10.657160982783093, "2007-10-31": 17.542292146372077, "2007-07-31": 17.95251395156995, "2007-04-30": 14.32484807257696, "2007-01-31": 12.80408364808226, "2006-10-31": 14.118865421150396, "2006-07-31": 29.145438548001376, "2006-04-30": 15.339468275076761, "2006-01-31": 12.304060870196732, "2005-10-31": 9.341158999700596}, "Price": {"2025-07-31": 179.25990295410156, "2025-04-30": 109.00627899169922, "2025-01-31": 124.62286376953125, "2024-10-31": 139.300048828125, "2024-07-31": 103.69139099121094, "2024-04-30": 87.7171401977539, "2024-01-31": 62.74253845214844, "2023-10-31": 41.136756896972656, "2023-07-31": 46.7186164855957, "2023-04-30": 27.727502822875977, "2023-01-31": 19.143903732299805, "2022-10-31": 13.817399024963379, "2022-07-31": 18.135814666748047, "2022-04-30": 18.51532554626465, "2022-01-31": 22.79711151123047, "2021-10-31": 25.515867233276367, "2021-07-31": 19.456575393676758, "2021-04-30": 15.287900924682617, "2021-01-31": 12.954044342041016, "2020-10-31": 12.495856285095215, "2020-07-31": 10.578532218933105, "2020-04-30": 7.433176040649414, "2020-01-31": 6.11826229095459, "2019-10-31": 5.048986911773682, "2019-07-31": 4.359451770782471, "2019-04-30": 4.450780391693115, "2019-01-31": 3.406362771987915, "2018-10-31": 5.028024673461914, "2018-07-31": 6.043452262878418, "2018-04-30": 5.5993499755859375, "2018-01-31": 6.001104831695557, "2017-10-31": 5.036322116851807, "2017-07-31": 4.058047771453857, "2017-04-30": 2.571988105773926, "2017-01-31": 2.709620714187622, "2016-10-31": 1.735184669494629, "2016-07-31": 1.401598572731018, "2016-04-30": 0.869874119758606, "2016-01-31": 0.7144983410835266, "2015-10-31": 0.6894379258155823, "2015-07-31": 0.4844808578491211, "2015-04-30": 0.533315896987915, "2015-01-31": 0.4607221186161041, "2014-10-31": 0.4465942084789276, "2014-07-31": 0.4301157593727112, "2014-04-30": 0.4425888657569885, "2014-01-31": 0.3705843985080719, "2013-10-31": 0.356864869594574, "2013-07-31": 0.3361775279045105, "2013-04-30": 0.31498077511787415, "2013-01-31": 0.2842227518558502, "2012-10-31": 0.2762117087841034, "2012-07-31": 0.3055521249771118, "2012-04-30": 0.2975293695926666, "2012-01-31": 0.3392477035522461, "2011-10-31": 0.3575853109359741, "2011-07-31": 0.3170131742954254, "2011-04-30": 0.458442747592926, "2011-01-31": 0.5446299910545349, "2010-10-31": 0.2755241394042969, "2010-07-31": 0.21065446734428406, "2010-04-30": 0.3816536068916321, "2010-01-31": 0.35277166962623596, "2009-10-31": 0.2741488218307495, "2009-07-31": 0.29523715376853943, "2009-04-30": 0.24939289689064026, "2009-01-31": 0.18223099410533905, "2008-10-31": 0.19781804084777832, "2008-07-31": 0.2631460130214691, "2008-04-30": 0.46302711963653564, "2008-01-31": 0.5774086713790894, "2007-10-31": 0.7981487512588501, "2007-07-31": 0.6951524615287781, "2007-04-30": 0.5053569674491882, "2007-01-31": 0.47005695104599, "2006-10-31": 0.5007726550102234, "2006-07-31": 0.34642961621284485, "2006-04-30": 0.4465232491493225, "2006-01-31": 0.3494095206260681, "2005-10-31": 0.24771219491958618}, "Sales": {"2025-07-31": 46743000000, "2025-04-30": 44062000000, "2025-01-31": 39331000000, "2024-10-31": 35082000000, "2024-07-31": 30040000000, "2024-04-30": 26044000000, "2024-01-31": 22103000000, "2023-10-31": 18120000000, "2023-07-31": 13507000000, "2023-04-30": 7192000000, "2023-01-31": 6051000000, "2022-10-31": 5931000000, "2022-07-31": 6704000000, "2022-04-30": 8288000000, "2022-01-31": 7643000000, "2021-10-31": 7103000000, "2021-07-31": 6507000000, "2021-04-30": 5661000000, "2021-01-31": 5003000000, "2020-10-31": 4726000000, "2020-07-31": 3866000000, "2020-04-30": 3080000000, "2020-01-31": 3105000000, "2019-10-31": 3014000000, "2019-07-31": 2579000000, "2019-04-30": 2220000000, "2019-01-31": 2205000000, "2018-10-31": 3181000000, "2018-07-31": 3123000000, "2018-04-30": 3207000000, "2018-01-31": 2911000000, "2017-10-31": 2636000000, "2017-07-31": 2230000000, "2017-04-30": 1937000000, "2017-01-31": 2173000000, "2016-10-31": 2004000000, "2016-07-31": 1428000000, "2016-04-30": 1305000000, "2016-01-31": 1401000000, "2015-10-31": 1305000000, "2015-07-31": 1153000000, "2015-04-30": 1151000000, "2015-01-31": 1250514000, "2014-10-31": 1225000000, "2014-07-31": 1103000000, "2014-04-30": 1103000000, "2014-01-31": 1144218000, "2013-10-31": 1053967000, "2013-07-31": 977238000, "2013-04-30": 954739000, "2013-01-31": 1106902000, "2012-10-31": 1204110000, "2012-07-31": 1044270000, "2012-04-30": 924877000, "2012-01-31": 953194000, "2011-10-31": 1066180000, "2011-07-31": 1016517000, "2011-04-30": 962039000, "2011-01-31": 886376000, "2010-10-31": 843912000, "2010-07-31": 811208000, "2010-04-30": 1001813000, "2010-01-31": 982488000, "2009-10-31": 903206000, "2009-07-31": 776520000, "2009-04-30": 664231000, "2009-01-31": 481140000, "2008-10-31": 897655000, "2008-07-31": 892676000, "2008-04-30": 1153388000, "2008-01-31": 1202730000, "2007-10-31": 1115597000, "2007-07-31": 935253000, "2007-04-30": 844280000, "2007-01-31": 878873000, "2006-10-31": 820572000, "2006-07-31": 687500000, "2006-04-30": 681807000, "2006-01-31": 633614000, "2005-10-31": 583415000}, "commonStockSharesOutstanding": {"2025-07-31": 24532000000, "2025-04-30": 24611000000, "2025-01-31": 24706000000, "2024-10-31": 24774000000, "2024-07-31": 24848000000, "2024-04-30": 24890000000, "2024-01-31": 24900000000, "2023-10-31": 24940000000, "2023-07-31": 24990000000, "2023-04-30": 24900000000, "2023-01-31": 24770000000, "2022-10-31": 24990000000, "2022-07-31": 25160000000, "2022-04-30": 25370000000, "2022-01-31": 25450000000, "2021-10-31": 25380000000, "2021-07-31": 25320000000, "2021-04-30": 25280000000, "2021-01-31": 25240000000, "2020-10-31": 25200000000, "2020-07-31": 25040000000, "2020-04-30": 24880000000, "2020-01-31": 24840000000, "2019-10-31": 24720000000, "2019-07-31": 24640000000, "2019-04-30": 24640000000, "2019-01-31": 24760000000, "2018-10-31": 25000000000, "2018-07-31": 25040000000, "2018-04-30": 25080000000, "2018-01-31": 25120000000, "2017-10-31": 25120000000, "2017-07-31": 25320000000, "2017-04-30": 25640000000, "2017-01-31": 26400000000, "2016-10-31": 26120000000, "2016-07-31": 25240000000, "2016-04-30": 23880000000, "2016-01-31": 23720000000, "2015-10-31": 22600000000, "2015-07-31": 22240000000, "2015-04-30": 22720000000, "2015-01-31": 22262920000, "2014-10-31": 22328040000, "2014-07-31": 22822880000, "2014-04-30": 22816880000, "2014-01-31": 23094240000, "2013-10-31": 23550080000, "2013-07-31": 23680240000, "2013-04-30": 24772080000, "2013-01-31": 24880720000, "2012-10-31": 25153800000, "2012-07-31": 24925720000, "2012-04-30": 24951440000, "2012-01-31": 24743960000, "2011-10-31": 24542400000, "2011-07-31": 24557360000, "2011-04-30": 24538960000, "2011-01-31": 24064000000, "2010-10-31": 23305920000, "2010-07-31": 22910560000, "2010-04-30": 23639880000, "2010-01-31": 22976000000, "2009-10-31": 22975240000, "2009-07-31": 21865560000, "2009-04-30": 21692280000, "2009-01-31": 21752280000, "2008-10-31": 22581440000, "2008-07-31": 22216680000, "2008-04-30": 23679560000, "2008-01-31": 22198640000, "2007-10-31": 24519400000, "2007-07-31": 24153180000, "2007-04-30": 23931960000, "2007-01-31": 23940000000, "2006-10-31": 23135340000, "2006-07-31": 57840000000, "2006-04-30": 23422200000, "2006-01-31": 22312000000, "2005-10-31": 22000419800}, "index": ["2025-07-31", "2025-04-30", "2025-01-31", "2024-10-31", "2024-07-31", "2024-04-30", "2024-01-31", "2023-10-31", "2023-07-31", "2023-04-30", "2023-01-31", "2022-10-31", "2022-07-31", "2022-04-30", "2022-01-31", "2021-10-31", "2021-07-31", "2021-04-30", "2021-01-31", "2020-10-31", "2020-07-31", "2020-04-30", "2020-01-31", "2019-10-31", "2019-07-31", "2019-04-30", "2019-01-31", "2018-10-31", "2018-07-31", "2018-04-30", "2018-01-31", "2017-10-31", "2017-07-31", "2017-04-30", "2017-01-31", "2016-10-31", "2016-07-31", "2016-04-30", "2016-01-31", "2015-10-31", "2015-07-31", "2015-04-30", "2015-01-31", "2014-10-31", "2014-07-31", "2014-04-30", "2014-01-31", "2013-10-31", "2013-07-31", "2013-04-30", "2013-01-31", "2012-10-31", "2012-07-31", "2012-04-30", "2012-01-31", "2011-10-31", "2011-07-31", "2011-04-30", "2011-01-31", "2010-10-31", "2010-07-31", "2010-04-30", "2010-01-31", "2009-10-31", "2009-07-31", "2009-04-30", "2009-01-31", "2008-10-31", "2008-07-31", "2008-04-30", "2008-01-31", "2007-10-31", "2007-07-31", "2007-04-30", "2007-01-31", "2006-10-31", "2006-07-31", "2006-04-30", "2006-01-31", "2005-10-31"]}