{"Sales": {"2025-07-31": 46743000000, "2025-04-30": 44062000000, "2025-01-31": 39331000000, "2024-10-31": 35082000000, "2024-07-31": 30040000000, "2024-04-30": 26044000000, "2024-01-31": 22103000000, "2023-10-31": 18120000000, "2023-07-31": 13507000000, "2023-04-30": 7192000000, "2023-01-31": 6051000000, "2022-10-31": 5931000000, "2022-07-31": 6704000000, "2022-04-30": 8288000000, "2022-01-31": 7643000000, "2021-10-31": 7103000000, "2021-07-31": 6507000000, "2021-04-30": 5661000000, "2021-01-31": 5003000000, "2020-10-31": 4726000000, "2020-07-31": 3866000000, "2020-04-30": 3080000000, "2020-01-31": 3105000000, "2019-10-31": 3014000000, "2019-07-31": 2579000000, "2019-04-30": 2220000000, "2019-01-31": 2205000000, "2018-10-31": 3181000000, "2018-07-31": 3123000000, "2018-04-30": 3207000000, "2018-01-31": 2911000000, "2017-10-31": 2636000000, "2017-07-31": 2230000000, "2017-04-30": 1937000000, "2017-01-31": 2173000000, "2016-10-31": 2004000000, "2016-07-31": 1428000000, "2016-04-30": 1305000000, "2016-01-31": 1401000000, "2015-10-31": 1305000000, "2015-07-31": 1153000000, "2015-04-30": 1151000000, "2015-01-31": 1250514000, "2014-10-31": 1225000000, "2014-07-31": 1103000000, "2014-04-30": 1103000000, "2014-01-31": 1144218000, "2013-10-31": 1053967000, "2013-07-31": 977238000, "2013-04-30": 954739000, "2013-01-31": 1106902000, "2012-10-31": 1204110000, "2012-07-31": 1044270000, "2012-04-30": 924877000, "2012-01-31": 953194000, "2011-10-31": 1066180000, "2011-07-31": 1016517000, "2011-04-30": 962039000, "2011-01-31": 886376000, "2010-10-31": 843912000, "2010-07-31": 811208000, "2010-04-30": 1001813000, "2010-01-31": 982488000, "2009-10-31": 903206000, "2009-07-31": 776520000, "2009-04-30": 664231000, "2009-01-31": 481140000, "2008-10-31": 897655000, "2008-07-31": 892676000, "2008-04-30": 1153388000, "2008-01-31": 1202730000, "2007-10-31": 1115597000, "2007-07-31": 935253000, "2007-04-30": 844280000, "2007-01-31": 878873000, "2006-10-31": 820572000, "2006-07-31": 687500000, "2006-04-30": 681807000, "2006-01-31": 633614000, "2005-10-31": 583415000, "2005-07-31": 574812000}, "index": ["2025-07-31", "2025-04-30", "2025-01-31", "2024-10-31", "2024-07-31", "2024-04-30", "2024-01-31", "2023-10-31", "2023-07-31", "2023-04-30", "2023-01-31", "2022-10-31", "2022-07-31", "2022-04-30", "2022-01-31", "2021-10-31", "2021-07-31", "2021-04-30", "2021-01-31", "2020-10-31", "2020-07-31", "2020-04-30", "2020-01-31", "2019-10-31", "2019-07-31", "2019-04-30", "2019-01-31", "2018-10-31", "2018-07-31", "2018-04-30", "2018-01-31", "2017-10-31", "2017-07-31", "2017-04-30", "2017-01-31", "2016-10-31", "2016-07-31", "2016-04-30", "2016-01-31", "2015-10-31", "2015-07-31", "2015-04-30", "2015-01-31", "2014-10-31", "2014-07-31", "2014-04-30", "2014-01-31", "2013-10-31", "2013-07-31", "2013-04-30", "2013-01-31", "2012-10-31", "2012-07-31", "2012-04-30", "2012-01-31", "2011-10-31", "2011-07-31", "2011-04-30", "2011-01-31", "2010-10-31", "2010-07-31", "2010-04-30", "2010-01-31", "2009-10-31", "2009-07-31", "2009-04-30", "2009-01-31", "2008-10-31", "2008-07-31", "2008-04-30", "2008-01-31", "2007-10-31", "2007-07-31", "2007-04-30", "2007-01-31", "2006-10-31", "2006-07-31", "2006-04-30", "2006-01-31", "2005-10-31", "2005-07-31"]}