{"Price_Sales": {"2025-06-30": 18.65553150263745, "2025-03-31": 20.545675034661894, "2024-12-31": 18.414682786301913, "2024-09-30": 19.20318892447749, "2024-06-30": 19.252040020429714, "2024-03-31": 19.131331378193472, "2023-12-31": 16.14910097614575, "2023-09-30": 15.702436779287856, "2023-06-30": 17.02128603784022, "2023-03-31": 17.0706792294991, "2022-12-31": 16.899791097753468, "2022-09-30": 14.490594657129531, "2022-06-30": 16.93372414075073, "2022-03-31": 18.459532693573873, "2021-12-31": 18.00378190525186, "2021-09-30": 16.176882913863135, "2021-06-30": 16.421613833736394, "2021-03-31": 17.319777167516843, "2020-12-31": 16.215547539137923, "2020-09-30": 16.483597184886275, "2020-06-30": 15.249436252364223, "2020-03-31": 15.229227801323269, "2019-12-31": 15.563672267888721, "2019-09-30": 15.966614980297901, "2019-06-30": 13.781626787293902, "2019-03-31": 14.17297194676358, "2018-12-31": 11.567935067260057, "2018-09-30": 10.890486447955407, "2018-06-30": 10.271323717185846, "2018-03-31": 10.575882737582823, "2017-12-31": 11.488265331034759, "2017-09-30": 11.886991629706184, "2017-06-30": 11.70148892073172, "2017-03-31": 12.45239466942491, "2016-12-31": 10.788035420552214, "2016-09-30": 11.8208434839199, "2016-06-30": 11.394597251227799, "2016-03-31": 11.47878750480572, "2015-12-31": 10.371795222377974, "2015-09-30": 9.50678532068891, "2015-06-30": 10.144954401848473, "2015-03-31": 10.505290819495935, "2014-12-31": 10.675808228727094, "2014-09-30": 9.548758721937158, "2014-06-30": 8.761710213165653, "2014-03-31": 8.50183314470111, "2013-12-31": 8.115694274099592, "2013-09-30": 7.721973839392184, "2013-06-30": 7.741214176622149, "2013-03-31": 7.696219462276096, "2012-12-31": 6.154979301805292, "2012-09-30": 6.771488655594691, "2012-06-30": 6.079345129750258, "2012-03-31": 6.638467803506246, "2011-12-31": 6.095492845848258, "2011-09-30": 5.823066535485494, "2011-06-30": 5.476288047636915, "2011-03-31": 6.140786286428228, "2010-12-31": 5.893920584283858, "2010-09-30": 5.865251130093733, "2010-06-30": 5.895409728888432, "2010-03-31": 6.568180614821119, "2009-12-31": 5.760914343878689, "2009-09-30": 5.710925557977254, "2009-06-30": 5.094692152528412, "2009-03-31": 5.0766603713285425, "2008-12-31": 6.0164144834767335, "2008-09-30": 6.282493887459852, "2008-06-30": 5.191259143678308, "2008-03-31": 6.89555129509616, "2007-12-31": 7.068526536274437, "2007-09-30": 6.966347862072549, "2007-06-30": 5.870648296921517, "2007-03-31": 6.770084583959542, "2006-12-31": 6.5154367842873695, "2006-09-30": 6.577951243778541, "2006-06-30": 5.959008179206964, "2006-03-31": 6.7745669964776525, "2005-12-31": 6.4362958860337525, "2005-09-30": 5.956449318563915}, "Price": {"2025-06-30": 158.77420043945312, "2025-03-31": 165.85487365722656, "2024-12-31": 163.92745971679688, "2024-09-30": 169.26995849609375, "2024-06-30": 159.89114379882812, "2024-03-31": 156.2933807373047, "2023-12-31": 140.2742156982422, "2023-09-30": 138.74757385253906, "2023-06-30": 141.2062530517578, "2023-03-31": 138.51463317871094, "2022-12-31": 141.48773193359375, "2022-09-30": 119.30026245117188, "2022-06-30": 130.9640655517578, "2022-03-31": 141.39759826660156, "2021-12-31": 148.2718505859375, "2021-09-30": 128.572998046875, "2021-06-30": 120.91403198242188, "2021-03-31": 121.083984375, "2020-12-31": 122.41950988769531, "2020-09-30": 121.29285430908203, "2020-06-30": 103.3208999633789, "2020-03-31": 100.31604766845703, "2019-12-31": 107.93558502197266, "2019-09-30": 107.33666229248047, "2019-06-30": 93.8727798461914, "2019-03-31": 88.45413208007812, "2018-12-31": 76.90493774414062, "2018-09-30": 69.58470916748047, "2018-06-30": 64.67536163330078, "2018-03-31": 65.08389282226562, "2017-12-31": 74.85704803466797, "2017-09-30": 73.57246398925781, "2017-06-30": 69.79827880859375, "2017-03-31": 71.82392120361328, "2016-12-31": 66.42428588867188, "2016-09-30": 69.16883087158203, "2016-06-30": 65.2706527709961, "2016-03-31": 63.79128646850586, "2015-12-31": 61.2437744140625, "2015-09-30": 54.79290008544922, "2015-06-30": 58.8894157409668, "2015-03-31": 61.701499938964844, "2014-12-31": 68.43514251708984, "2014-09-30": 62.06362533569336, "2014-06-30": 57.61962890625, "2014-03-31": 57.69824981689453, "2013-12-31": 58.873313903808594, "2013-09-30": 55.00417709350586, "2013-06-30": 54.43967819213867, "2013-03-31": 54.09176254272461, "2012-12-31": 46.75642013549805, "2012-09-30": 47.9018669128418, "2012-06-30": 41.93710708618164, "2012-03-31": 45.631839752197266, "2011-12-31": 44.93351745605469, "2011-09-30": 42.55910873413086, "2011-06-30": 41.451202392578125, "2011-03-31": 40.72905731201172, "2010-12-31": 41.936378479003906, "2010-09-30": 39.00733184814453, "2010-06-30": 38.749393463134766, "2010-03-31": 40.58267593383789, "2009-12-31": 38.84391403198242, "2009-09-30": 36.37648010253906, "2009-06-30": 32.548404693603516, "2009-03-31": 29.211318969726562, "2008-12-31": 37.49917984008789, "2008-09-30": 40.69318389892578, "2008-06-30": 36.64762878417969, "2008-03-31": 41.83033752441406, "2007-12-31": 44.503265380859375, "2007-09-30": 41.95136260986328, "2007-06-30": 36.29045867919922, "2007-03-31": 37.25310134887695, "2006-12-31": 37.72698974609375, "2006-09-30": 36.201568603515625, "2006-06-30": 33.10209655761719, "2006-03-31": 33.28907012939453, "2005-12-31": 33.27385330200195, "2005-09-30": 33.25423812866211}, "Sales": {"2025-06-30": 20889000000, "2025-03-31": 19776000000, "2024-12-31": 21882000000, "2024-09-30": 21737000000, "2024-06-30": 20532000000, "2024-03-31": 20195000000, "2023-12-31": 21441000000, "2023-09-30": 21871000000, "2023-06-30": 20553000000, "2023-03-31": 20068000000, "2022-12-31": 20773000000, "2022-09-30": 20612000000, "2022-06-30": 19515000000, "2022-03-31": 19381000000, "2021-12-31": 20953000000, "2021-09-30": 20338000000, "2021-06-30": 18946000000, "2021-03-31": 18109000000, "2020-12-31": 19745000000, "2020-09-30": 19318000000, "2020-06-30": 17698000000, "2020-03-31": 17214000000, "2019-12-31": 18240000000, "2019-09-30": 17798000000, "2019-06-30": 17094000000, "2019-03-31": 16462000000, "2018-12-31": 17438000000, "2018-09-30": 16690000000, "2018-06-30": 16503000000, "2018-03-31": 16281000000, "2017-12-31": 17395000000, "2017-09-30": 16653000000, "2017-06-30": 16079000000, "2017-03-31": 15605000000, "2016-12-31": 16856000000, "2016-09-30": 16518000000, "2016-06-30": 16102000000, "2016-03-31": 15755000000, "2015-12-31": 16915000000, "2015-09-30": 16527000000, "2015-06-30": 17790000000, "2015-03-31": 16930000000, "2014-12-31": 18495000000, "2014-09-30": 18771000000, "2014-06-30": 19018000000, "2014-03-31": 19641000000, "2013-12-31": 21099000000, "2013-09-30": 20830000000, "2013-06-30": 20655000000, "2013-03-31": 20598000000, "2012-12-31": 22175000000, "2012-09-30": 20739000000, "2012-06-30": 20212000000, "2012-03-31": 20194000000, "2011-12-31": 21744000000, "2011-09-30": 21530000000, "2011-06-30": 20860000000, "2011-03-31": 19893000000, "2010-12-31": 21347000000, "2010-09-30": 20122000000, "2010-06-30": 18926000000, "2010-03-31": 19178000000, "2009-12-31": 21027000000, "2009-09-30": 19807000000, "2009-06-30": 18662000000, "2009-03-31": 17864000000, "2008-12-31": 19763000000, "2008-09-30": 20983000000, "2008-06-30": 21266000000, "2008-03-31": 20026000000, "2007-12-31": 21038000000, "2007-09-30": 20199000000, "2007-06-30": 19272000000, "2007-03-31": 18694000000, "2006-12-31": 19725000000, "2006-09-30": 18785000000, "2006-06-30": 17842000000, "2006-03-31": 17250000000, "2005-12-31": 18337000000, "2005-09-30": 14793000000}, "commonStockSharesOutstanding": {"2025-06-30": 2454400000, "2025-03-31": 2449800000, "2024-12-31": 2458100000, "2024-09-30": 2466000000, "2024-06-30": 2472200000, "2024-03-31": 2472000000, "2023-12-31": 2468400000, "2023-09-30": 2475200000, "2023-06-30": 2477500000, "2023-03-31": 2473200000, "2022-12-31": 2481200000, "2022-09-30": 2503600000, "2022-06-30": 2523300000, "2022-03-31": 2530200000, "2021-12-31": 2544200000, "2021-09-30": 2558900000, "2021-06-30": 2573100000, "2021-03-31": 2590300000, "2020-12-31": 2615400000, "2020-09-30": 2625300000, "2020-06-30": 2612100000, "2020-03-31": 2613300000, "2019-12-31": 2630100000, "2019-09-30": 2647500000, "2019-06-30": 2509600000, "2019-03-31": 2637700000, "2018-12-31": 2623000000, "2018-09-30": 2612100000, "2018-06-30": 2620900000, "2018-03-31": 2645600000, "2017-12-31": 2669600000, "2017-09-30": 2690600000, "2017-06-30": 2695600000, "2017-03-31": 2705500000, "2016-12-31": 2737600000, "2016-09-30": 2822900000, "2016-06-30": 2811000000, "2016-03-31": 2835000000, "2015-12-31": 2864600000, "2015-09-30": 2867500000, "2015-06-30": 3064705882, "2015-03-31": 2882500000, "2014-12-31": 2885200000, "2014-09-30": 2888000000, "2014-06-30": 2891900000, "2014-03-31": 2894100000, "2013-12-31": 2908500000, "2013-09-30": 2924300000, "2013-06-30": 2937100000, "2013-03-31": 2930700000, "2012-12-31": 2919100000, "2012-09-30": 2931700000, "2012-06-30": 2930000000, "2012-03-31": 2937800000, "2011-12-31": 2949700000, "2011-09-30": 2945800000, "2011-06-30": 2755900000, "2011-03-31": 2999300000, "2010-12-31": 3000200000, "2010-09-30": 3025600000, "2010-06-30": 2879439252, "2010-03-31": 3103900000, "2009-12-31": 3118500000, "2009-09-30": 3109600000, "2009-06-30": 2921100000, "2009-03-31": 3104600000, "2008-12-31": 3170800000, "2008-09-30": 3239500000, "2008-06-30": 3012400000, "2008-03-31": 3301200000, "2007-12-31": 3341500000, "2007-09-30": 3354200000, "2007-06-30": 3117600000, "2007-03-31": 3397300000, "2006-12-31": 3406500000, "2006-09-30": 3413300000, "2006-06-30": 3211900000, "2006-03-31": 3510500000, "2005-12-31": 3547000000, "2005-09-30": 2649700000}, "index": ["2025-06-30", "2025-03-31", "2024-12-31", "2024-09-30", "2024-06-30", "2024-03-31", "2023-12-31", "2023-09-30", "2023-06-30", "2023-03-31", "2022-12-31", "2022-09-30", "2022-06-30", "2022-03-31", "2021-12-31", "2021-09-30", "2021-06-30", "2021-03-31", "2020-12-31", "2020-09-30", "2020-06-30", "2020-03-31", "2019-12-31", "2019-09-30", "2019-06-30", "2019-03-31", "2018-12-31", "2018-09-30", "2018-06-30", "2018-03-31", "2017-12-31", "2017-09-30", "2017-06-30", "2017-03-31", "2016-12-31", "2016-09-30", "2016-06-30", "2016-03-31", "2015-12-31", "2015-09-30", "2015-06-30", "2015-03-31", "2014-12-31", "2014-09-30", "2014-06-30", "2014-03-31", "2013-12-31", "2013-09-30", "2013-06-30", "2013-03-31", "2012-12-31", "2012-09-30", "2012-06-30", "2012-03-31", "2011-12-31", "2011-09-30", "2011-06-30", "2011-03-31", "2010-12-31", "2010-09-30", "2010-06-30", "2010-03-31", "2009-12-31", "2009-09-30", "2009-06-30", "2009-03-31", "2008-12-31", "2008-09-30", "2008-06-30", "2008-03-31", "2007-12-31", "2007-09-30", "2007-06-30", "2007-03-31", "2006-12-31", "2006-09-30", "2006-06-30", "2006-03-31", "2005-12-31", "2005-09-30"]}