{"Sales": {"2025-06-30": 20889000000, "2025-03-31": 19776000000, "2024-12-31": 21882000000, "2024-09-30": 21737000000, "2024-06-30": 20532000000, "2024-03-31": 20195000000, "2023-12-31": 21441000000, "2023-09-30": 21871000000, "2023-06-30": 20553000000, "2023-03-31": 20068000000, "2022-12-31": 20773000000, "2022-09-30": 20612000000, "2022-06-30": 19515000000, "2022-03-31": 19381000000, "2021-12-31": 20953000000, "2021-09-30": 20338000000, "2021-06-30": 18946000000, "2021-03-31": 18109000000, "2020-12-31": 19745000000, "2020-09-30": 19318000000, "2020-06-30": 17698000000, "2020-03-31": 17214000000, "2019-12-31": 18240000000, "2019-09-30": 17798000000, "2019-06-30": 17094000000, "2019-03-31": 16462000000, "2018-12-31": 17438000000, "2018-09-30": 16690000000, "2018-06-30": 16503000000, "2018-03-31": 16281000000, "2017-12-31": 17395000000, "2017-09-30": 16653000000, "2017-06-30": 16079000000, "2017-03-31": 15605000000, "2016-12-31": 16856000000, "2016-09-30": 16518000000, "2016-06-30": 16102000000, "2016-03-31": 15755000000, "2015-12-31": 16915000000, "2015-09-30": 16527000000, "2015-06-30": 17790000000, "2015-03-31": 16930000000, "2014-12-31": 18495000000, "2014-09-30": 18771000000, "2014-06-30": 19018000000, "2014-03-31": 19641000000, "2013-12-31": 21099000000, "2013-09-30": 20830000000, "2013-06-30": 20655000000, "2013-03-31": 20598000000, "2012-12-31": 22175000000, "2012-09-30": 20739000000, "2012-06-30": 20212000000, "2012-03-31": 20194000000, "2011-12-31": 21744000000, "2011-09-30": 21530000000, "2011-06-30": 20860000000, "2011-03-31": 19893000000, "2010-12-31": 21347000000, "2010-09-30": 20122000000, "2010-06-30": 18926000000, "2010-03-31": 19178000000, "2009-12-31": 21027000000, "2009-09-30": 19807000000, "2009-06-30": 18662000000, "2009-03-31": 17864000000, "2008-12-31": 19763000000, "2008-09-30": 20983000000, "2008-06-30": 21266000000, "2008-03-31": 20026000000, "2007-12-31": 21038000000, "2007-09-30": 20199000000, "2007-06-30": 19272000000, "2007-03-31": 18694000000, "2006-12-31": 19725000000, "2006-09-30": 18785000000, "2006-06-30": 17842000000, "2006-03-31": 17250000000, "2005-12-31": 18337000000, "2005-09-30": 14793000000, "2005-06-30": 14258000000}, "index": ["2025-06-30", "2025-03-31", "2024-12-31", "2024-09-30", "2024-06-30", "2024-03-31", "2023-12-31", "2023-09-30", "2023-06-30", "2023-03-31", "2022-12-31", "2022-09-30", "2022-06-30", "2022-03-31", "2021-12-31", "2021-09-30", "2021-06-30", "2021-03-31", "2020-12-31", "2020-09-30", "2020-06-30", "2020-03-31", "2019-12-31", "2019-09-30", "2019-06-30", "2019-03-31", "2018-12-31", "2018-09-30", "2018-06-30", "2018-03-31", "2017-12-31", "2017-09-30", "2017-06-30", "2017-03-31", "2016-12-31", "2016-09-30", "2016-06-30", "2016-03-31", "2015-12-31", "2015-09-30", "2015-06-30", "2015-03-31", "2014-12-31", "2014-09-30", "2014-06-30", "2014-03-31", "2013-12-31", "2013-09-30", "2013-06-30", "2013-03-31", "2012-12-31", "2012-09-30", "2012-06-30", "2012-03-31", "2011-12-31", "2011-09-30", "2011-06-30", "2011-03-31", "2010-12-31", "2010-09-30", "2010-06-30", "2010-03-31", "2009-12-31", "2009-09-30", "2009-06-30", "2009-03-31", "2008-12-31", "2008-09-30", "2008-06-30", "2008-03-31", "2007-12-31", "2007-09-30", "2007-06-30", "2007-03-31", "2006-12-31", "2006-09-30", "2006-06-30", "2006-03-31", "2005-12-31", "2005-09-30", "2005-06-30"]}