{"Price_Sales": {"2025-09-30": 388.03493985561215, "2025-06-30": 333.8409190806549, "2025-03-31": 247.9585694539363, "2024-12-31": 235.80434285082217, "2024-09-30": 124.89215831946298, "2024-06-30": 90.19493123154615, "2024-03-31": 87.06157067579254, "2023-12-31": 66.54463765904732, "2023-09-30": 66.6648750624822, "2023-06-30": 64.92940514830094, "2023-03-31": 34.4109077624197, "2022-12-31": 27.816158946749436, "2022-09-30": 35.0547858077811, "2022-06-30": 40.095968012066685, "2022-03-31": 63.321380404108915, "2021-12-31": 86.86240862527724, "2021-09-30": 122.82916643094325, "2021-06-30": 134.31234044644467, "2021-03-31": 117.62697734493031, "2020-12-31": 137.42762174331844}, "Price": {"2025-09-30": 178.86000061035156, "2025-06-30": 130.74000549316406, "2025-03-31": 85.8499984741211, "2024-12-31": 77.18000030517578, "2024-09-30": 36.84000015258789, "2024-06-30": 25.329999923706055, "2024-03-31": 23.010000228881836, "2023-12-31": 17.170000076293945, "2023-09-30": 16.0, "2023-06-30": 15.199999809265137, "2023-03-31": 8.149999618530273, "2022-12-31": 6.420000076293945, "2022-09-30": 8.079999923706055, "2022-06-30": 9.229999542236328, "2022-03-31": 13.880000114440918, "2021-12-31": 18.690000534057617, "2021-09-30": 24.520000457763672, "2021-06-30": 26.6299991607666, "2021-03-31": 22.040000915527344, "2020-12-31": 25.100000381469727}, "Sales": {"2025-09-30": 1181092000, "2025-06-30": 1003697000, "2025-03-31": 883855000, "2024-12-31": 827519000, "2024-09-30": 725516000, "2024-06-30": 678134000, "2024-03-31": 634338000, "2023-12-31": 608350000, "2023-09-30": 558159000, "2023-06-30": 533317000, "2023-03-31": 525186000, "2022-12-31": 508624000, "2022-09-30": 477880000, "2022-06-30": 473010000, "2022-03-31": 446357000, "2021-12-31": 432867000, "2021-09-30": 392146000, "2021-06-30": 375642000, "2021-03-31": 341234000, "2020-12-31": 322091000}, "commonStockSharesOutstanding": {"2025-09-30": 2562367000, "2025-06-30": 2562912000, "2025-03-31": 2552818000, "2024-12-31": 2528279000, "2024-09-30": 2459589000, "2024-06-30": 2414696000, "2024-03-31": 2400107000, "2023-12-31": 2357742000, "2023-09-30": 2325600000, "2023-06-30": 2278155000, "2023-03-31": 2217439000, "2022-12-31": 2203733000, "2022-09-30": 2073265000, "2022-06-30": 2054799000, "2022-03-31": 2036307000, "2021-12-31": 2011764000, "2021-09-30": 1964395000, "2021-06-30": 1894606000, "2021-03-31": 1821158000, "2020-12-31": 1763513922}, "index": ["2025-09-30", "2025-06-30", "2025-03-31", "2024-12-31", "2024-09-30", "2024-06-30", "2024-03-31", "2023-12-31", "2023-09-30", "2023-06-30", "2023-03-31", "2022-12-31", "2022-09-30", "2022-06-30", "2022-03-31", "2021-12-31", "2021-09-30", "2021-06-30", "2021-03-31", "2020-12-31"]}