{"Sales": {"2025-09-30": 1181092000, "2025-06-30": 1003697000, "2025-03-31": 883855000, "2024-12-31": 827519000, "2024-09-30": 725516000, "2024-06-30": 678134000, "2024-03-31": 634338000, "2023-12-31": 608350000, "2023-09-30": 558159000, "2023-06-30": 533317000, "2023-03-31": 525186000, "2022-12-31": 508624000, "2022-09-30": 477880000, "2022-06-30": 473010000, "2022-03-31": 446357000, "2021-12-31": 432867000, "2021-09-30": 392146000, "2021-06-30": 375642000, "2021-03-31": 341234000, "2020-12-31": 322091000, "2020-09-30": 289366000, "2020-06-30": 251889000, "2020-03-31": 229327000, "2019-12-31": 229358000, "2019-09-30": 190541000, "2019-06-30": 176320000, "2019-03-31": 161328000}, "index": ["2025-09-30", "2025-06-30", "2025-03-31", "2024-12-31", "2024-09-30", "2024-06-30", "2024-03-31", "2023-12-31", "2023-09-30", "2023-06-30", "2023-03-31", "2022-12-31", "2022-09-30", "2022-06-30", "2022-03-31", "2021-12-31", "2021-09-30", "2021-06-30", "2021-03-31", "2020-12-31", "2020-09-30", "2020-06-30", "2020-03-31", "2019-12-31", "2019-09-30", "2019-06-30", "2019-03-31"]}