{"Price_Sales": {"2025-06-30": 8.680776955078006, "2025-03-31": 8.353850792498141, "2024-12-31": 10.35453266907103, "2024-09-30": 10.163007160379763, "2024-06-30": 7.7054418163505165, "2024-03-31": 9.327611080654751, "2023-12-31": 8.294099157063883, "2023-09-30": 8.653151657421269, "2023-06-30": 10.068346463555873, "2023-03-31": 11.982707288048484, "2022-12-31": 11.170630016737672, "2022-09-30": 14.99063635248557, "2022-06-30": 12.160191215629476, "2022-03-31": 21.420681396936278, "2021-12-31": 32.92303639720995, "2021-09-30": 49.73034616628922, "2021-06-30": 55.66100858961706, "2021-03-31": 46.65715100455794, "2020-12-31": 44.363916540551294, "2020-09-30": 42.39879098736033, "2020-06-30": 37.88755126906719, "2020-03-31": 24.898343125480032, "2019-12-31": 25.833580215475628, "2019-09-30": 27.73266248846773, "2019-06-30": 31.559586274859242, "2019-03-31": 29.884184992590615, "2018-12-31": 23.56340808209457, "2018-09-30": 28.59629530522152, "2018-06-30": 25.9503593375592, "2018-03-31": 25.05666033720226, "2017-12-31": 24.1467316700862, "2017-09-30": 24.176810283136795, "2017-06-30": 20.696842402827983, "2017-03-31": 17.79651802127101, "2016-12-31": 16.100476848163368, "2016-09-30": 18.385249066004203, "2016-06-30": 16.400207757050136, "2016-03-31": 18.798742579214228, "2015-12-31": 17.554929357179454, "2015-09-30": 16.64437952624474}, "Price": {"2025-06-30": 73.63999938964844, "2025-03-31": 65.1500015258789, "2024-12-31": 85.43000030517578, "2024-09-30": 77.87999725341797, "2024-06-30": 58.029998779296875, "2024-03-31": 66.98999786376953, "2023-12-31": 61.40999984741211, "2023-09-30": 58.459999084472656, "2023-06-30": 65.86000061035156, "2023-03-31": 74.38999938964844, "2022-12-31": 71.22000122070312, "2022-09-30": 88.69999694824219, "2022-06-30": 71.47000122070312, "2022-03-31": 118.48999786376953, "2021-12-31": 191.8800048828125, "2021-09-30": 259.0, "2021-06-30": 292.760009765625, "2021-03-31": 236.5399932861328, "2020-12-31": 231.50999450683594, "2020-09-30": 194.5, "2020-06-30": 168.35000610351562, "2020-03-31": 97.02999877929688, "2019-12-31": 107.97000122070312, "2019-09-30": 102.19999694824219, "2019-06-30": 114.45999908447266, "2019-03-31": 103.83999633789062, "2018-12-31": 83.26000213623047, "2018-09-30": 87.83999633789062, "2018-06-30": 83.2699966430664, "2018-03-31": 75.87000274658203, "2017-12-31": 73.62000274658203, "2017-09-30": 64.02999877929688, "2017-06-30": 53.41999816894531, "2017-03-31": 43.540000915527344, "2016-12-31": 39.470001220703125, "2016-09-30": 40.38999938964844, "2016-06-30": 35.77000045776367, "2016-03-31": 39.040000915527344, "2015-12-31": 36.47999954223633, "2015-09-30": 30.6299991607666}, "Sales": {"2025-06-30": 8288000000, "2025-03-31": 7791000000, "2024-12-31": 8366000000, "2024-09-30": 7847000000, "2024-06-30": 7885000000, "2024-03-31": 7699000000, "2023-12-31": 8026000000, "2023-09-30": 7418000000, "2023-06-30": 7287000000, "2023-03-31": 7040000000, "2022-12-31": 7383000000, "2022-09-30": 6846000000, "2022-06-30": 6806000000, "2022-03-31": 6483000000, "2021-12-31": 6918000000, "2021-09-30": 6182000000, "2021-06-30": 6238000000, "2021-03-31": 6033000000, "2020-12-31": 6116000000, "2020-09-30": 5459000000, "2020-06-30": 5261000000, "2020-03-31": 4618000000, "2019-12-31": 4961000000, "2019-09-30": 4378000000, "2019-06-30": 4305000000, "2019-03-31": 4128000000, "2018-12-31": 4226000000, "2018-09-30": 3683000000, "2018-06-30": 3857000000, "2018-03-31": 3685000000, "2017-12-31": 3744000000, "2017-09-30": 3239000000, "2017-06-30": 3136000000, "2017-03-31": 2975000000, "2016-12-31": 2981000000, "2016-09-30": 2667000000, "2016-06-30": 2650000000, "2016-03-31": 2544000000, "2015-12-31": 2556000000, "2015-09-30": 2258000000}, "commonStockSharesOutstanding": {"2025-06-30": 977000000.0, "2025-03-31": 999000000.0, "2024-12-31": 1014000000.0, "2024-09-30": 1024000000.0, "2024-06-30": 1047000000.0, "2024-03-31": 1072000000.0, "2023-12-31": 1084000000.0, "2023-09-30": 1098000000.0, "2023-06-30": 1114000000.0, "2023-03-31": 1134000000.0, "2022-12-31": 1158000000.0, "2022-09-30": 1157000000.0, "2022-06-30": 1158000000.0, "2022-03-31": 1172000000.0, "2021-12-31": 1187000000.0, "2021-09-30": 1187000000.0, "2021-06-30": 1186000000.0, "2021-03-31": 1190000000.0, "2020-12-31": 1172000000.0, "2020-09-30": 1190000000.0, "2020-06-30": 1184000000.0, "2020-03-31": 1185000000.0, "2019-12-31": 1187000000.0, "2019-09-30": 1188000000.0, "2019-06-30": 1187000000.0, "2019-03-31": 1188000000.0, "2018-12-31": 1196000000.0, "2018-09-30": 1199000000.0, "2018-06-30": 1202000000.0, "2018-03-31": 1217000000.0, "2017-12-31": 1228000000.0, "2017-09-30": 1223000000.0, "2017-06-30": 1215000000.0, "2017-03-31": 1216000000.0, "2016-12-31": 1216000000.0, "2016-09-30": 1214000000.0, "2016-06-30": 1215000000.0, "2016-03-31": 1225000000.0, "2015-12-31": 1230000000.0, "2015-09-30": 1227000000.0}, "index": ["2025-06-30", "2025-03-31", "2024-12-31", "2024-09-30", "2024-06-30", "2024-03-31", "2023-12-31", "2023-09-30", "2023-06-30", "2023-03-31", "2022-12-31", "2022-09-30", "2022-06-30", "2022-03-31", "2021-12-31", "2021-09-30", "2021-06-30", "2021-03-31", "2020-12-31", "2020-09-30", "2020-06-30", "2020-03-31", "2019-12-31", "2019-09-30", "2019-06-30", "2019-03-31", "2018-12-31", "2018-09-30", "2018-06-30", "2018-03-31", "2017-12-31", "2017-09-30", "2017-06-30", "2017-03-31", "2016-12-31", "2016-09-30", "2016-06-30", "2016-03-31", "2015-12-31", "2015-09-30"]}