{"Sales": {"2025-06-30": 8288000000, "2025-03-31": 7791000000, "2024-12-31": 8366000000, "2024-09-30": 7847000000, "2024-06-30": 7885000000, "2024-03-31": 7699000000, "2023-12-31": 8026000000, "2023-09-30": 7418000000, "2023-06-30": 7287000000, "2023-03-31": 7040000000, "2022-12-31": 7383000000, "2022-09-30": 6846000000, "2022-06-30": 6806000000, "2022-03-31": 6483000000, "2021-12-31": 6918000000, "2021-09-30": 6182000000, "2021-06-30": 6238000000, "2021-03-31": 6033000000, "2020-12-31": 6116000000, "2020-09-30": 5459000000, "2020-06-30": 5261000000, "2020-03-31": 4618000000, "2019-12-31": 4961000000, "2019-09-30": 4378000000, "2019-06-30": 4305000000, "2019-03-31": 4128000000, "2018-12-31": 4226000000, "2018-09-30": 3683000000, "2018-06-30": 3857000000, "2018-03-31": 3685000000, "2017-12-31": 3744000000, "2017-09-30": 3239000000, "2017-06-30": 3136000000, "2017-03-31": 2975000000, "2016-12-31": 2981000000, "2016-09-30": 2667000000, "2016-06-30": 2650000000, "2016-03-31": 2544000000, "2015-12-31": 2556000000, "2015-09-30": 2258000000, "2015-06-30": 2297000000, "2015-03-31": 2137000000, "2014-12-31": 2193000000, "2014-09-30": 1975000000, "2014-06-30": 1983000000, "2014-03-31": 1874000000}, "index": ["2025-06-30", "2025-03-31", "2024-12-31", "2024-09-30", "2024-06-30", "2024-03-31", "2023-12-31", "2023-09-30", "2023-06-30", "2023-03-31", "2022-12-31", "2022-09-30", "2022-06-30", "2022-03-31", "2021-12-31", "2021-09-30", "2021-06-30", "2021-03-31", "2020-12-31", "2020-09-30", "2020-06-30", "2020-03-31", "2019-12-31", "2019-09-30", "2019-06-30", "2019-03-31", "2018-12-31", "2018-09-30", "2018-06-30", "2018-03-31", "2017-12-31", "2017-09-30", "2017-06-30", "2017-03-31", "2016-12-31", "2016-09-30", "2016-06-30", "2016-03-31", "2015-12-31", "2015-09-30", "2015-06-30", "2015-03-31", "2014-12-31", "2014-09-30", "2014-06-30", "2014-03-31"]}