{"Price_Sales": {"2025-06-30": 50.624732716154746, "2025-03-31": 47.99376814166242, "2024-12-31": 57.106273889587996, "2024-09-30": 36.16982726226703, "2024-06-30": 27.012560666551778, "2024-03-31": 28.752280954363023, "2023-12-31": 34.47737692536124, "2023-09-30": 37.43119761301568, "2023-06-30": 35.92831066714807, "2023-03-31": 29.029578454567343, "2022-12-31": 17.58194674970249, "2022-09-30": 43.35565630494131, "2022-06-30": 46.7531506460088, "2022-03-31": 67.48487914132751, "2021-12-31": 62.43041551853502, "2021-09-30": 63.77925011411261, "2021-06-30": 63.7038316125263, "2021-03-31": 69.31922916122643, "2020-12-31": 72.68547429065605, "2020-09-30": 52.79584518222115, "2020-06-30": 34.6483304912954, "2020-03-31": 16.678938427306058, "2019-12-31": 10.502289041537765, "2019-09-30": 7.083733547306924, "2019-06-30": 6.229045308823782, "2019-03-31": 10.660830979963912, "2018-12-31": 8.271859893319412, "2018-09-30": 6.905950551856945, "2018-06-30": 14.566992674455745, "2018-03-31": 13.205665785253599, "2017-12-31": 15.936920433967373, "2017-09-30": 19.11899380188517, "2017-06-30": 21.365481009815788, "2017-03-31": 16.711565007633855, "2016-12-31": 14.499969244119237, "2016-09-30": 13.70360313247651, "2016-06-30": 23.16742755786654, "2016-03-31": 26.24376525195881, "2015-12-31": 25.703322082273505, "2015-09-30": 33.96637729573151, "2015-06-30": 34.76009089538783, "2015-03-31": 25.53700535424837, "2014-12-31": 29.152644847271187, "2014-09-30": 35.96563795318889, "2014-06-30": 38.60836485891291, "2014-03-31": 42.256470471313236, "2013-12-31": 30.428088208591355, "2013-09-30": 53.932462629579845, "2013-06-30": 31.32076887594897, "2013-03-31": 8.381059104691953, "2012-12-31": 12.33696632561508, "2012-09-30": 61.68538356398369, "2012-06-30": 123.55218057561278, "2012-03-31": 129.352252759222, "2011-12-31": 76.00332975115096, "2011-09-30": 43.532292895829464, "2011-06-30": 47.54178387304202, "2011-03-31": 46.03084749864579, "2010-12-31": 69.51620819132113, "2010-09-30": 64.91821533756064, "2010-06-30": 65.57983429969285}, "Price": {"2025-06-30": 323.6300048828125, "2025-03-31": 263.54998779296875, "2024-12-31": 417.4100036621094, "2024-09-30": 260.4599914550781, "2024-06-30": 197.8800048828125, "2024-03-31": 175.7899932861328, "2023-12-31": 248.47999572753906, "2023-09-30": 250.22000122070312, "2023-06-30": 257.5, "2023-03-31": 195.27999877929688, "2022-12-31": 123.18000030517578, "2022-09-30": 268.2099914550781, "2022-06-30": 228.49000549316406, "2022-03-31": 364.663330078125, "2021-12-31": 356.7799987792969, "2021-09-30": 260.4366760253906, "2021-06-30": 226.9199981689453, "2021-03-31": 211.8733367919922, "2020-12-31": 231.5933380126953, "2020-09-30": 139.69000244140625, "2020-06-30": 67.29000091552734, "2020-03-31": 33.47533416748047, "2019-12-31": 27.64666748046875, "2019-09-30": 16.142000198364258, "2019-06-30": 14.897333145141602, "2019-03-31": 18.657333374023438, "2018-12-31": 22.257999420166016, "2018-09-30": 17.65133285522461, "2018-06-30": 22.863332748413086, "2018-03-31": 17.742000579833984, "2017-12-31": 20.75666618347168, "2017-09-30": 22.739999771118164, "2017-06-30": 24.049999237060547, "2017-03-31": 18.527999877929688, "2016-12-31": 14.246000289916992, "2016-09-30": 13.380000114440918, "2016-06-30": 14.012666702270508, "2016-03-31": 15.12600040435791, "2015-12-31": 15.87266731262207, "2015-09-30": 16.44333267211914, "2015-06-30": 17.468000411987305, "2015-03-31": 12.704667091369629, "2014-12-31": 14.815333366394043, "2014-09-30": 16.35066795349121, "2014-06-30": 15.937333106994629, "2014-03-31": 14.157999992370605, "2013-12-31": 10.162667274475098, "2013-09-30": 12.726667404174805, "2013-06-30": 7.157332897186279, "2013-03-31": 2.5260000228881836, "2012-12-31": 2.2146670818328857, "2012-09-30": 1.9520000219345093, "2012-06-30": 2.0859999656677246, "2012-03-31": 2.4826669692993164, "2011-12-31": 1.9040000438690186, "2011-09-30": 1.6080000400543213, "2011-06-30": 1.8860000371932983, "2011-03-31": 1.5806670188903809, "2010-12-31": 1.7666670083999634, "2010-09-30": 1.4653329849243164, "2010-06-30": 1.5926669836044312}, "Sales": {"2025-06-30": 22496000000, "2025-03-31": 19335000000, "2024-12-31": 25707000000, "2024-09-30": 25182000000, "2024-06-30": 25500000000, "2024-03-31": 21301000000, "2023-12-31": 25167000000, "2023-09-30": 23350000000, "2023-06-30": 24927000000, "2023-03-31": 23329000000, "2022-12-31": 24318000000, "2022-09-30": 21454000000, "2022-06-30": 16934000000, "2022-03-31": 18756000000, "2021-12-31": 17719000000, "2021-09-30": 13757000000, "2021-06-30": 11958000000, "2021-03-31": 10389000000, "2020-12-31": 10744000000, "2020-09-30": 8771000000, "2020-06-30": 6036000000, "2020-03-31": 5985000000, "2019-12-31": 7384000000, "2019-09-30": 6303000000, "2019-06-30": 6349676000, "2019-03-31": 4541464000, "2018-12-31": 7225873000, "2018-09-30": 6824413000, "2018-06-30": 4002231000, "2018-03-31": 3408751000, "2017-12-31": 3288249000, "2017-09-30": 2984675000, "2017-06-30": 2789557000, "2017-03-31": 2696270000, "2016-12-31": 2284631000, "2016-09-30": 2298436000, "2016-06-30": 1270017000, "2016-03-31": 1147048000, "2015-12-31": 1214380000, "2015-09-30": 936789000, "2015-06-30": 954976000, "2015-03-31": 939880000, "2014-12-31": 956661000, "2014-09-30": 851804000, "2014-06-30": 769349000, "2014-03-31": 620542000, "2013-12-31": 615219000, "2013-09-30": 431346000, "2013-06-30": 405139000, "2013-03-31": 561792000, "2012-12-31": 306332000, "2012-09-30": 50104000, "2012-06-30": 26653000, "2012-03-31": 30167000, "2011-12-31": 39375000, "2011-09-30": 57666000, "2011-06-30": 58171000, "2011-03-31": 49030000, "2010-12-31": 36286000, "2010-09-30": 31241000, "2010-06-30": 28405000}, "commonStockSharesOutstanding": {"2025-06-30": 3519000000, "2025-03-31": 3521000000, "2024-12-31": 3517000000, "2024-09-30": 3497000000, "2024-06-30": 3481000000, "2024-03-31": 3484000000, "2023-12-31": 3492000000, "2023-09-30": 3493000000, "2023-06-30": 3478000000, "2023-03-31": 3468000000, "2022-12-31": 3471000000, "2022-09-30": 3468000000, "2022-06-30": 3464999930, "2022-03-31": 3470999930, "2021-12-31": 3100522833, "2021-09-30": 3368999932, "2021-06-30": 3356999932, "2021-03-31": 3399000000, "2020-12-31": 3372000000, "2020-09-30": 3315000000, "2020-06-30": 3108000000, "2020-03-31": 2982000000, "2019-12-31": 2805000000, "2019-09-30": 2766000000, "2019-06-30": 2655000000, "2019-03-31": 2595000000, "2018-12-31": 2685390000, "2018-09-30": 2670000000, "2018-06-30": 2549955000, "2018-03-31": 2537190000, "2017-12-31": 2524710000, "2017-09-30": 2509410000, "2017-06-30": 2478180000, "2017-03-31": 2431935000, "2016-12-31": 2325360000, "2016-09-30": 2354025000, "2016-06-30": 2099745000, "2016-03-31": 1990140000, "2015-12-31": 1966500000, "2015-09-30": 1935090000, "2015-06-30": 1900335000, "2015-03-31": 1889205000, "2014-12-31": 1882455000, "2014-09-30": 1873665000, "2014-06-30": 1863756420, "2014-03-31": 1852091730, "2013-12-31": 1842030000, "2013-09-30": 1827937455, "2013-06-30": 1772904120, "2013-03-31": 1863979380, "2012-12-31": 1706445000, "2012-09-30": 1583342430, "2012-06-30": 1578636780, "2012-03-31": 1571765145, "2011-12-31": 1571760000, "2011-09-30": 1561152450, "2011-06-30": 1466358990, "2011-03-31": 1427810175, "2010-12-31": 1427810175, "2010-09-30": 1384060815, "2010-06-30": 1169607465}, "index": ["2025-06-30", "2025-03-31", "2024-12-31", "2024-09-30", "2024-06-30", "2024-03-31", "2023-12-31", "2023-09-30", "2023-06-30", "2023-03-31", "2022-12-31", "2022-09-30", "2022-06-30", "2022-03-31", "2021-12-31", "2021-09-30", "2021-06-30", "2021-03-31", "2020-12-31", "2020-09-30", "2020-06-30", "2020-03-31", "2019-12-31", "2019-09-30", "2019-06-30", "2019-03-31", "2018-12-31", "2018-09-30", "2018-06-30", "2018-03-31", "2017-12-31", "2017-09-30", "2017-06-30", "2017-03-31", "2016-12-31", "2016-09-30", "2016-06-30", "2016-03-31", "2015-12-31", "2015-09-30", "2015-06-30", "2015-03-31", "2014-12-31", "2014-09-30", "2014-06-30", "2014-03-31", "2013-12-31", "2013-09-30", "2013-06-30", "2013-03-31", "2012-12-31", "2012-09-30", "2012-06-30", "2012-03-31", "2011-12-31", "2011-09-30", "2011-06-30", "2011-03-31", "2010-12-31", "2010-09-30", "2010-06-30"]}