{"Sales": {"2025-06-30": 22496000000, "2025-03-31": 19335000000, "2024-12-31": 25707000000, "2024-09-30": 25182000000, "2024-06-30": 25500000000, "2024-03-31": 21301000000, "2023-12-31": 25167000000, "2023-09-30": 23350000000, "2023-06-30": 24927000000, "2023-03-31": 23329000000, "2022-12-31": 24318000000, "2022-09-30": 21454000000, "2022-06-30": 16934000000, "2022-03-31": 18756000000, "2021-12-31": 17719000000, "2021-09-30": 13757000000, "2021-06-30": 11958000000, "2021-03-31": 10389000000, "2020-12-31": 10744000000, "2020-09-30": 8771000000, "2020-06-30": 6036000000, "2020-03-31": 5985000000, "2019-12-31": 7384000000, "2019-09-30": 6303000000, "2019-06-30": 6349676000, "2019-03-31": 4541464000, "2018-12-31": 7225873000, "2018-09-30": 6824413000, "2018-06-30": 4002231000, "2018-03-31": 3408751000, "2017-12-31": 3288249000, "2017-09-30": 2984675000, "2017-06-30": 2789557000, "2017-03-31": 2696270000, "2016-12-31": 2284631000, "2016-09-30": 2298436000, "2016-06-30": 1270017000, "2016-03-31": 1147048000, "2015-12-31": 1214380000, "2015-09-30": 936789000, "2015-06-30": 954976000, "2015-03-31": 939880000, "2014-12-31": 956661000, "2014-09-30": 851804000, "2014-06-30": 769349000, "2014-03-31": 620542000, "2013-12-31": 615219000, "2013-09-30": 431346000, "2013-06-30": 405139000, "2013-03-31": 561792000, "2012-12-31": 306332000, "2012-09-30": 50104000, "2012-06-30": 26653000, "2012-03-31": 30167000, "2011-12-31": 39375000, "2011-09-30": 57666000, "2011-06-30": 58171000, "2011-03-31": 49030000, "2010-12-31": 36286000, "2010-09-30": 31241000, "2010-06-30": 28405000, "2010-03-31": 20812000, "2009-12-31": 18585000, "2009-09-30": 45527000, "2009-06-30": 26945000, "2009-03-31": 20886000, "2008-12-31": 14162000, "2008-09-30": 14162000, "2008-03-31": 3685500, "2007-12-31": 3685500, "2007-03-31": 18250}, "index": ["2025-06-30", "2025-03-31", "2024-12-31", "2024-09-30", "2024-06-30", "2024-03-31", "2023-12-31", "2023-09-30", "2023-06-30", "2023-03-31", "2022-12-31", "2022-09-30", "2022-06-30", "2022-03-31", "2021-12-31", "2021-09-30", "2021-06-30", "2021-03-31", "2020-12-31", "2020-09-30", "2020-06-30", "2020-03-31", "2019-12-31", "2019-09-30", "2019-06-30", "2019-03-31", "2018-12-31", "2018-09-30", "2018-06-30", "2018-03-31", "2017-12-31", "2017-09-30", "2017-06-30", "2017-03-31", "2016-12-31", "2016-09-30", "2016-06-30", "2016-03-31", "2015-12-31", "2015-09-30", "2015-06-30", "2015-03-31", "2014-12-31", "2014-09-30", "2014-06-30", "2014-03-31", "2013-12-31", "2013-09-30", "2013-06-30", "2013-03-31", "2012-12-31", "2012-09-30", "2012-06-30", "2012-03-31", "2011-12-31", "2011-09-30", "2011-06-30", "2011-03-31", "2010-12-31", "2010-09-30", "2010-06-30", "2010-03-31", "2009-12-31", "2009-09-30", "2009-06-30", "2009-03-31", "2008-12-31", "2008-09-30", "2008-03-31", "2007-12-31", "2007-03-31"]}