{"Price_Sales": {"2025-06-30": 2.594931858560388, "2025-03-31": 2.290850945576, "2024-12-31": 2.5625327965042777, "2024-09-30": 2.7841027039436077, "2024-06-30": 2.45514765008743, "2024-03-31": 2.478639396063509, "2023-12-31": 2.652509808190989, "2023-09-30": 1.9837871227392332, "2023-06-30": 2.4641298586651144, "2023-03-31": 3.0234259648338, "2022-12-31": 2.948156748604063, "2022-09-30": 2.1734237996316614, "2022-06-30": 3.046947708648281, "2022-03-31": 6.399475326063941, "2021-12-31": 6.600473814304885, "2021-09-30": 6.3427759471411935, "2021-06-30": 7.2068966662485066, "2021-03-31": 7.930190654246986, "2020-12-31": 5.691699613273384, "2020-09-30": 3.530965620991276, "2020-06-30": 6.308305629067489, "2020-03-31": 4.658986209789665, "2019-12-31": 6.668400444142326, "2019-09-30": 6.225012180324612, "2019-06-30": 9.594902257197756, "2019-03-31": 7.953106130186351, "2018-12-31": 5.70349763819385, "2018-09-30": 6.632793885898894, "2018-06-30": 8.507567526372416, "2018-03-31": 6.11108798856975, "2017-12-31": 4.669497162167803, "2017-09-30": 5.245082839223897, "2017-06-30": 8.601065527229618, "2017-03-31": 7.882117926283496, "2016-12-31": 9.961233982154226, "2016-09-30": 11.694917696697557, "2016-06-30": 17.590388725627832, "2016-03-31": 18.11621345070238, "2015-12-31": 15.304714088480935, "2015-09-30": 17.249384962341395, "2015-06-30": 23.27537510303973, "2015-03-31": 21.802238132059134, "2014-12-31": 16.772966353215775, "2014-09-30": 16.296799300896723, "2014-06-30": 21.20353581657918, "2014-03-31": 19.476565019385042, "2013-12-31": 13.795477988352038, "2013-09-30": 11.920638556782054, "2013-06-30": 14.110650022015175, "2013-03-31": 11.62684959056624, "2012-12-31": 10.04160735981005, "2012-09-30": 10.365797129235052, "2012-06-30": 13.549345846301309, "2012-03-31": 12.92488078482995, "2011-12-31": 9.380180683517242, "2011-09-30": 7.954975371786142, "2011-06-30": 13.896447187017746, "2011-03-31": 11.564493381981542, "2010-12-31": 9.51785018319091, "2010-09-30": 7.085729590221812, "2010-06-30": 8.3749466164239, "2010-03-31": 6.713475395258209, "2009-12-31": 6.376875723598204, "2009-09-30": 5.343268226609722, "2009-06-30": 6.91468029721683, "2009-03-31": 4.152910326862335, "2008-12-31": 6.75800396431543, "2008-09-30": 6.635017912623423, "2008-06-30": 8.296555054011483, "2008-03-31": 11.644248422183683, "2007-12-31": 12.15456876753779, "2007-09-30": 16.0335897674514, "2007-06-30": 18.893482391405275, "2007-03-31": 20.555649623111922, "2006-12-31": 18.57598839472469, "2006-09-30": 15.538392913261735, "2006-06-30": 25.161573659934657, "2006-03-31": 18.55309338087671, "2005-12-31": 19.5501549910411}, "Price": {"2025-06-30": 6.889999866485596, "2025-03-31": 6.300000190734863, "2024-12-31": 8.210000038146973, "2024-09-30": 8.9399995803833, "2024-06-30": 6.670000076293945, "2024-03-31": 7.380000114440918, "2023-12-31": 8.789999961853027, "2023-09-30": 6.849999904632568, "2023-06-30": 7.139999866485596, "2023-03-31": 9.300000190734863, "2022-12-31": 10.15999984741211, "2022-09-30": 7.369999885559082, "2022-06-30": 8.779999732971191, "2022-03-31": 17.65999984741211, "2021-12-31": 21.040000915527344, "2021-09-30": 20.719999313354492, "2021-06-30": 21.06999969482422, "2021-03-31": 21.709999084472656, "2020-12-31": 17.450000762939453, "2020-09-30": 11.079999923706055, "2020-06-30": 9.829999923706055, "2020-03-31": 9.569999694824219, "2019-12-31": 21.280000686645508, "2019-09-30": 19.56999969482422, "2019-06-30": 25.350000381469727, "2019-03-31": 21.139999389648438, "2018-12-31": 17.520000457763672, "2018-09-30": 21.219999313354492, "2018-06-30": 22.479999542236328, "2018-03-31": 16.350000381469727, "2017-12-31": 14.430000305175781, "2017-09-30": 16.479999542236328, "2017-06-30": 21.309999465942383, "2017-03-31": 20.09000015258789, "2016-12-31": 29.049999237060547, "2016-09-30": 38.599998474121094, "2016-06-30": 39.75, "2016-03-31": 42.81999969482422, "2015-12-31": 40.47999954223633, "2015-09-30": 46.97999954223633, "2015-06-30": 41.46500015258789, "2015-03-31": 39.95500183105469, "2014-12-31": 34.165000915527344, "2014-09-30": 35.060001373291016, "2014-06-30": 29.7450008392334, "2014-03-31": 28.80500030517578, "2013-12-31": 21.737499237060547, "2013-09-30": 19.997499465942383, "2013-06-30": 14.927499771118164, "2013-03-31": 12.800000190734863, "2012-12-31": 11.854999542236328, "2012-09-30": 13.957500457763672, "2012-06-30": 11.8100004196167, "2012-03-31": 11.75, "2011-12-31": 8.973750114440918, "2011-09-30": 8.8125, "2011-06-30": 9.636249542236328, "2011-03-31": 8.62874984741211, "2010-12-31": 6.892499923706055, "2010-09-30": 5.6875, "2010-06-30": 4.198750019073486, "2010-03-31": 3.78125, "2009-12-31": 3.483750104904175, "2009-09-30": 3.547499895095825, "2009-06-30": 2.8137500286102295, "2009-03-31": 2.0587499141693115, "2008-12-31": 2.932499885559082, "2008-09-30": 3.8524999618530273, "2008-06-30": 3.259999990463257, "2008-03-31": 4.585000038146973, "2007-12-31": 5.307499885559082, "2007-09-30": 7.477499961853027, "2007-06-30": 5.706250190734863, "2007-03-31": 6.412499904632568, "2006-12-31": 6.306250095367432, "2006-09-30": 5.002500057220459, "2006-06-30": 5.087500095367432, "2006-03-31": 4.108749866485596, "2005-12-31": 4.788750171661377}, "Sales": {"2025-06-30": 1134068000, "2025-03-31": 1180583000, "2024-12-31": 1401039000, "2024-09-30": 1399023000, "2024-06-30": 1183665000, "2024-03-31": 1332062000, "2023-12-31": 1486043000, "2023-09-30": 1566674000, "2023-06-30": 1316965000, "2023-03-31": 1398913000, "2022-12-31": 1581781000, "2022-09-30": 1573885000, "2022-06-30": 1349057000, "2022-03-31": 1300945000, "2021-12-31": 1529205000, "2021-09-30": 1545532000, "2021-06-30": 1351534000, "2021-03-31": 1257195000, "2020-12-31": 1403766000, "2020-09-30": 1433021000, "2020-06-30": 707640000, "2020-03-31": 930240000, "2019-12-31": 1441225000, "2019-09-30": 1429456000, "2019-06-30": 1191729000, "2019-03-31": 1204722000, "2018-12-31": 1389980000, "2018-09-30": 1442976000, "2018-06-30": 1174859000, "2018-03-31": 1185370000, "2017-12-31": 1365361000, "2017-09-30": 1408991000, "2017-06-30": 1091192000, "2017-03-31": 1119844000, "2016-12-31": 1305277000, "2016-09-30": 1471573000, "2016-06-30": 1000783000, "2016-03-31": 1047702000, "2015-12-31": 1170686000, "2015-09-30": 1204109000, "2015-06-30": 783577000, "2015-03-31": 804941000, "2014-12-31": 895201000, "2014-09-30": 937908000, "2014-06-30": 609654000, "2014-03-31": 641607000, "2013-12-31": 682756000, "2013-09-30": 723146000, "2013-06-30": 454541000, "2013-03-31": 471608000, "2012-12-31": 505863000, "2012-09-30": 575196000, "2012-06-30": 369473000, "2012-03-31": 384389000, "2011-12-31": 403126000, "2011-09-30": 465523000, "2011-06-30": 291336000, "2011-03-31": 312699000, "2010-12-31": 301166000, "2010-09-30": 328568000, "2010-06-30": 204786000, "2010-03-31": 229407000, "2009-12-31": 222217000, "2009-09-30": 269546000, "2009-06-30": 164648000, "2009-03-31": 200000000, "2008-12-31": 179279000, "2008-09-30": 231946000, "2008-06-30": 156677000, "2008-03-31": 157342000, "2007-12-31": 174838000, "2007-09-30": 186863000, "2007-06-30": 120531000, "2007-03-31": 124329000, "2006-12-31": 135283000, "2006-09-30": 127745000, "2006-06-30": 79965000, "2006-03-31": 87696000, "2005-12-31": 87303000}, "commonStockSharesOutstanding": {"2025-06-30": 427116000, "2025-03-31": 429292000, "2024-12-31": 437297000, "2024-09-30": 435685000, "2024-06-30": 435693000, "2024-03-31": 447385000, "2023-12-31": 448435000, "2023-09-30": 453715000, "2023-06-30": 454506000, "2023-03-31": 454786000, "2022-12-31": 458990000, "2022-09-30": 464141000, "2022-06-30": 468167000, "2022-03-31": 471425000, "2021-12-31": 479728000, "2021-09-30": 473116000, "2021-06-30": 462286000, "2021-03-31": 459226000, "2020-12-31": 457869000, "2020-09-30": 456674000, "2020-06-30": 454121000, "2020-03-31": 452871000, "2019-12-31": 451629000, "2019-09-30": 454695000, "2019-06-30": 451066000, "2019-03-31": 453230000, "2018-12-31": 452497000, "2018-09-30": 451035000, "2018-06-30": 444626000, "2018-03-31": 443052000, "2017-12-31": 441826000, "2017-09-30": 448439000, "2017-06-30": 440423000, "2017-03-31": 439360000, "2016-12-31": 447579000, "2016-09-30": 445853000, "2016-06-30": 442872000, "2016-03-31": 443260000, "2015-12-31": 442614000, "2015-09-30": 442106000, "2015-06-30": 439842000, "2015-03-31": 439232000, "2014-12-31": 439490000, "2014-09-30": 435964000, "2014-06-30": 434588000, "2014-03-31": 433824000, "2013-12-31": 433304000, "2013-09-30": 431072000, "2013-06-30": 429668000, "2013-03-31": 428384000, "2012-12-31": 428484000, "2012-09-30": 427180000, "2012-06-30": 423888000, "2012-03-31": 422824000, "2011-12-31": 421384000, "2011-09-30": 420224000, "2011-06-30": 420136000, "2011-03-31": 419088000, "2010-12-31": 415880000, "2010-09-30": 409344000, "2010-06-30": 408472000, "2010-03-31": 407304000, "2009-12-31": 406760000, "2009-09-30": 405992000, "2009-06-30": 404616000, "2009-03-31": 403440000, "2008-12-31": 413152000, "2008-09-30": 399472000, "2008-06-30": 398736000, "2008-03-31": 399592000, "2007-12-31": 400392000, "2007-09-30": 400680000, "2007-06-30": 399080000, "2007-03-31": 398544000, "2006-12-31": 398496000, "2006-09-30": 396792000, "2006-06-30": 395488000, "2006-03-31": 395992000, "2005-12-31": 356416000}, "index": ["2025-06-30", "2025-03-31", "2024-12-31", "2024-09-30", "2024-06-30", "2024-03-31", "2023-12-31", "2023-09-30", "2023-06-30", "2023-03-31", "2022-12-31", "2022-09-30", "2022-06-30", "2022-03-31", "2021-12-31", "2021-09-30", "2021-06-30", "2021-03-31", "2020-12-31", "2020-09-30", "2020-06-30", "2020-03-31", "2019-12-31", "2019-09-30", "2019-06-30", "2019-03-31", "2018-12-31", "2018-09-30", "2018-06-30", "2018-03-31", "2017-12-31", "2017-09-30", "2017-06-30", "2017-03-31", "2016-12-31", "2016-09-30", "2016-06-30", "2016-03-31", "2015-12-31", "2015-09-30", "2015-06-30", "2015-03-31", "2014-12-31", "2014-09-30", "2014-06-30", "2014-03-31", "2013-12-31", "2013-09-30", "2013-06-30", "2013-03-31", "2012-12-31", "2012-09-30", "2012-06-30", "2012-03-31", "2011-12-31", "2011-09-30", "2011-06-30", "2011-03-31", "2010-12-31", "2010-09-30", "2010-06-30", "2010-03-31", "2009-12-31", "2009-09-30", "2009-06-30", "2009-03-31", "2008-12-31", "2008-09-30", "2008-06-30", "2008-03-31", "2007-12-31", "2007-09-30", "2007-06-30", "2007-03-31", "2006-12-31", "2006-09-30", "2006-06-30", "2006-03-31", "2005-12-31"]}