{"Price_Sales": {"2025-06-30": 0.9437043740523189, "2025-03-31": 1.183302511737714, "2024-12-31": 1.3939941674356577, "2024-09-30": 2.377387014610098, "2024-06-30": 1.7061692862425635, "2024-03-31": 2.2113048073868242, "2023-12-31": 2.088697898708242, "2023-09-30": 1.9239856103419037, "2023-06-30": 2.0212222287149944, "2023-03-31": 4.85838631929212, "2022-12-31": 1.6634337930509142, "2022-09-30": 1.5246567988739184, "2022-06-30": 3.6876107724257152, "2022-03-31": 3.2445065120547287, "2021-12-31": 4.860721927016249, "2021-09-30": 5.103704130393109, "2021-06-30": 9.381732939561488, "2021-03-31": 9.052925614197301, "2020-12-31": 11.088262613605696, "2020-09-30": 3.7716512278311445}, "Price": {"2025-06-30": 18.1299991607666, "2025-03-31": 19.700000762939453, "2024-12-31": 11.869999885559082, "2024-09-30": 12.720000267028809, "2024-06-30": 7.329999923706055, "2024-03-31": 7.679999828338623, "2023-12-31": 14.59000015258789, "2023-09-30": 18.360000610351562, "2023-06-30": 11.829999923706055, "2023-03-31": 11.390000343322754, "2022-12-31": 9.9399995803833, "2022-09-30": 12.109999656677246, "2022-06-30": 32.099998474121094, "2022-03-31": 28.440000534057617, "2021-12-31": 48.900001525878906, "2021-09-30": 34.54999923706055, "2021-06-30": 44.31999969482422, "2021-03-31": 33.81999969482422, "2020-12-31": 42.290000915527344, "2020-09-30": 18.780000686645508}, "Sales": {"2025-06-30": 18274405000, "2025-03-31": 15810628000, "2024-12-31": 16105096000, "2024-09-30": 10101710000, "2024-06-30": 8111407000, "2024-03-31": 6548096000, "2023-12-31": 13050430000, "2023-09-30": 8529521000, "2023-06-30": 5062696000, "2023-03-31": 4033420000, "2022-12-31": 5140349000, "2022-09-30": 6823487000, "2022-06-30": 7436345000, "2022-03-31": 7454938000, "2021-12-31": 8556008000, "2021-09-30": 5719918000, "2021-06-30": 3761279000, "2021-03-31": 2950926000, "2020-12-31": 2851352000, "2020-09-30": 1990119000}, "commonStockSharesOutstanding": {"2025-06-30": 951221000, "2025-03-31": 949683000, "2024-12-31": 1891357212, "2024-09-30": 1888024660, "2024-06-30": 1888053702, "2024-03-31": 1885395376, "2023-12-31": 1868293724, "2023-09-30": 893827621, "2023-06-30": 864990174, "2023-03-31": 1720448811, "2022-12-31": 860224406, "2022-09-30": 859081432, "2022-06-30": 854278730, "2022-03-31": 850478004, "2021-12-31": 850478004, "2021-09-30": 844942685, "2021-06-30": 796193938, "2021-03-31": 789902833, "2020-12-31": 747612653, "2020-09-30": 399682348}, "index": ["2025-06-30", "2025-03-31", "2024-12-31", "2024-09-30", "2024-06-30", "2024-03-31", "2023-12-31", "2023-09-30", "2023-06-30", "2023-03-31", "2022-12-31", "2022-09-30", "2022-06-30", "2022-03-31", "2021-12-31", "2021-09-30", "2021-06-30", "2021-03-31", "2020-12-31", "2020-09-30"]}