{"Sales": {"2025-06-30": 18274405000, "2025-03-31": 15810628000, "2024-12-31": 16105096000, "2024-09-30": 10101710000, "2024-06-30": 8111407000, "2024-03-31": 6548096000, "2023-12-31": 13050430000, "2023-09-30": 8529521000, "2023-06-30": 5062696000, "2023-03-31": 4033420000, "2022-12-31": 5140349000, "2022-09-30": 6823487000, "2022-06-30": 7436345000, "2022-03-31": 7454938000, "2021-12-31": 8556008000, "2021-09-30": 5719918000, "2021-06-30": 3761279000, "2021-03-31": 2950926000, "2020-12-31": 2851352000, "2020-09-30": 1990119000, "2020-06-30": 590781000, "2020-03-31": 412069000, "2019-12-31": 640010000, "2019-09-30": 449717000, "2019-06-30": 615746000, "2019-03-31": 615746000}, "index": ["2025-06-30", "2025-03-31", "2024-12-31", "2024-09-30", "2024-06-30", "2024-03-31", "2023-12-31", "2023-09-30", "2023-06-30", "2023-03-31", "2022-12-31", "2022-09-30", "2022-06-30", "2022-03-31", "2021-12-31", "2021-09-30", "2021-06-30", "2021-03-31", "2020-12-31", "2020-09-30", "2020-06-30", "2020-03-31", "2019-12-31", "2019-09-30", "2019-06-30", "2019-03-31"]}